%YAML 1.1
%TAG !u! tag:unity3d.com,2011:
--- !u!1001 &100100000
Prefab:
  m_ObjectHideFlags: 1
  serializedVersion: 2
  m_Modification:
    m_TransformParent: {fileID: 0}
    m_Modifications: []
    m_RemovedComponents: []
  m_ParentPrefab: {fileID: 0}
  m_RootGameObject: {fileID: 1091143228579690}
  m_IsPrefabParent: 1
--- !u!1 &1026843030175246
GameObject:
  m_ObjectHideFlags: 1
  m_PrefabParentObject: {fileID: 0}
  m_PrefabInternal: {fileID: 100100000}
  serializedVersion: 5
  m_Component:
  - component: {fileID: 4803474890437418}
  m_Layer: 0
  m_Name: Female_RightThumb1
  m_TagString: Untagged
  m_Icon: {fileID: 0}
  m_NavMeshLayer: 0
  m_StaticEditorFlags: 0
  m_IsActive: 1
--- !u!1 &1043311731538464
GameObject:
  m_ObjectHideFlags: 1
  m_PrefabParentObject: {fileID: 0}
  m_PrefabInternal: {fileID: 100100000}
  serializedVersion: 5
  m_Component:
  - component: {fileID: 4665356733195634}
  m_Layer: 0
  m_Name: Female_RightUpLeg
  m_TagString: Untagged
  m_Icon: {fileID: 0}
  m_NavMeshLayer: 0
  m_StaticEditorFlags: 0
  m_IsActive: 1
--- !u!1 &1047494603468248
GameObject:
  m_ObjectHideFlags: 1
  m_PrefabParentObject: {fileID: 0}
  m_PrefabInternal: {fileID: 100100000}
  serializedVersion: 5
  m_Component:
  - component: {fileID: 4568406492625652}
  m_Layer: 0
  m_Name: Female_MouthRight
  m_TagString: Untagged
  m_Icon: {fileID: 0}
  m_NavMeshLayer: 0
  m_StaticEditorFlags: 0
  m_IsActive: 1
--- !u!1 &1057027639789818
GameObject:
  m_ObjectHideFlags: 1
  m_PrefabParentObject: {fileID: 0}
  m_PrefabInternal: {fileID: 100100000}
  serializedVersion: 5
  m_Component:
  - component: {fileID: 4062587563634698}
  m_Layer: 0
  m_Name: Female_MouthLeft
  m_TagString: Untagged
  m_Icon: {fileID: 0}
  m_NavMeshLayer: 0
  m_StaticEditorFlags: 0
  m_IsActive: 1
--- !u!1 &1091143228579690
GameObject:
  m_ObjectHideFlags: 0
  m_PrefabParentObject: {fileID: 0}
  m_PrefabInternal: {fileID: 100100000}
  serializedVersion: 5
  m_Component:
  - component: {fileID: 4632579036994084}
  - component: {fileID: 137208263381427106}
  m_Layer: 0
  m_Name: shoes-6
  m_TagString: Untagged
  m_Icon: {fileID: 0}
  m_NavMeshLayer: 0
  m_StaticEditorFlags: 0
  m_IsActive: 1
--- !u!1 &1117419082558810
GameObject:
  m_ObjectHideFlags: 1
  m_PrefabParentObject: {fileID: 0}
  m_PrefabInternal: {fileID: 100100000}
  serializedVersion: 5
  m_Component:
  - component: {fileID: 4097692699589264}
  m_Layer: 0
  m_Name: Female_LeftLeg
  m_TagString: Untagged
  m_Icon: {fileID: 0}
  m_NavMeshLayer: 0
  m_StaticEditorFlags: 0
  m_IsActive: 1
--- !u!1 &1118829111610676
GameObject:
  m_ObjectHideFlags: 1
  m_PrefabParentObject: {fileID: 0}
  m_PrefabInternal: {fileID: 100100000}
  serializedVersion: 5
  m_Component:
  - component: {fileID: 4798217927142854}
  m_Layer: 0
  m_Name: Female_RightIndex3
  m_TagString: Untagged
  m_Icon: {fileID: 0}
  m_NavMeshLayer: 0
  m_StaticEditorFlags: 0
  m_IsActive: 1
--- !u!1 &1123899364665010
GameObject:
  m_ObjectHideFlags: 1
  m_PrefabParentObject: {fileID: 0}
  m_PrefabInternal: {fileID: 100100000}
  serializedVersion: 5
  m_Component:
  - component: {fileID: 4594694856201730}
  m_Layer: 0
  m_Name: Female_LeftRing3
  m_TagString: Untagged
  m_Icon: {fileID: 0}
  m_NavMeshLayer: 0
  m_StaticEditorFlags: 0
  m_IsActive: 1
--- !u!1 &1124821680124758
GameObject:
  m_ObjectHideFlags: 1
  m_PrefabParentObject: {fileID: 0}
  m_PrefabInternal: {fileID: 100100000}
  serializedVersion: 5
  m_Component:
  - component: {fileID: 4385621873929472}
  m_Layer: 0
  m_Name: Female_LeftFoot
  m_TagString: Untagged
  m_Icon: {fileID: 0}
  m_NavMeshLayer: 0
  m_StaticEditorFlags: 0
  m_IsActive: 1
--- !u!1 &1125658465164550
GameObject:
  m_ObjectHideFlags: 1
  m_PrefabParentObject: {fileID: 0}
  m_PrefabInternal: {fileID: 100100000}
  serializedVersion: 5
  m_Component:
  - component: {fileID: 4247869802560648}
  m_Layer: 0
  m_Name: Female_RightThumb4
  m_TagString: Untagged
  m_Icon: {fileID: 0}
  m_NavMeshLayer: 0
  m_StaticEditorFlags: 0
  m_IsActive: 1
--- !u!1 &1133964650053494
GameObject:
  m_ObjectHideFlags: 1
  m_PrefabParentObject: {fileID: 0}
  m_PrefabInternal: {fileID: 100100000}
  serializedVersion: 5
  m_Component:
  - component: {fileID: 4177011953689014}
  m_Layer: 0
  m_Name: Female_Spine1
  m_TagString: Untagged
  m_Icon: {fileID: 0}
  m_NavMeshLayer: 0
  m_StaticEditorFlags: 0
  m_IsActive: 1
--- !u!1 &1138870154713334
GameObject:
  m_ObjectHideFlags: 1
  m_PrefabParentObject: {fileID: 0}
  m_PrefabInternal: {fileID: 100100000}
  serializedVersion: 5
  m_Component:
  - component: {fileID: 4013676621918752}
  m_Layer: 0
  m_Name: Female_RightShoulder
  m_TagString: Untagged
  m_Icon: {fileID: 0}
  m_NavMeshLayer: 0
  m_StaticEditorFlags: 0
  m_IsActive: 1
--- !u!1 &1154157020038742
GameObject:
  m_ObjectHideFlags: 1
  m_PrefabParentObject: {fileID: 0}
  m_PrefabInternal: {fileID: 100100000}
  serializedVersion: 5
  m_Component:
  - component: {fileID: 4153756462845510}
  m_Layer: 0
  m_Name: Female_EyeRight
  m_TagString: Untagged
  m_Icon: {fileID: 0}
  m_NavMeshLayer: 0
  m_StaticEditorFlags: 0
  m_IsActive: 1
--- !u!1 &1155362424403470
GameObject:
  m_ObjectHideFlags: 1
  m_PrefabParentObject: {fileID: 0}
  m_PrefabInternal: {fileID: 100100000}
  serializedVersion: 5
  m_Component:
  - component: {fileID: 4752210633194094}
  m_Layer: 0
  m_Name: Female_CheekLeft
  m_TagString: Untagged
  m_Icon: {fileID: 0}
  m_NavMeshLayer: 0
  m_StaticEditorFlags: 0
  m_IsActive: 1
--- !u!1 &1170924908429218
GameObject:
  m_ObjectHideFlags: 1
  m_PrefabParentObject: {fileID: 0}
  m_PrefabInternal: {fileID: 100100000}
  serializedVersion: 5
  m_Component:
  - component: {fileID: 4228763849085378}
  m_Layer: 0
  m_Name: Female_Spine
  m_TagString: Untagged
  m_Icon: {fileID: 0}
  m_NavMeshLayer: 0
  m_StaticEditorFlags: 0
  m_IsActive: 1
--- !u!1 &1190731852406536
GameObject:
  m_ObjectHideFlags: 1
  m_PrefabParentObject: {fileID: 0}
  m_PrefabInternal: {fileID: 100100000}
  serializedVersion: 5
  m_Component:
  - component: {fileID: 4611327064358536}
  m_Layer: 0
  m_Name: Female_RightToeBase
  m_TagString: Untagged
  m_Icon: {fileID: 0}
  m_NavMeshLayer: 0
  m_StaticEditorFlags: 0
  m_IsActive: 1
--- !u!1 &1291061482918926
GameObject:
  m_ObjectHideFlags: 1
  m_PrefabParentObject: {fileID: 0}
  m_PrefabInternal: {fileID: 100100000}
  serializedVersion: 5
  m_Component:
  - component: {fileID: 4115497742081664}
  m_Layer: 0
  m_Name: Female_LeftThumb1
  m_TagString: Untagged
  m_Icon: {fileID: 0}
  m_NavMeshLayer: 0
  m_StaticEditorFlags: 0
  m_IsActive: 1
--- !u!1 &1293304130318662
GameObject:
  m_ObjectHideFlags: 1
  m_PrefabParentObject: {fileID: 0}
  m_PrefabInternal: {fileID: 100100000}
  serializedVersion: 5
  m_Component:
  - component: {fileID: 4413790931817758}
  m_Layer: 0
  m_Name: Female_LeftToeBase
  m_TagString: Untagged
  m_Icon: {fileID: 0}
  m_NavMeshLayer: 0
  m_StaticEditorFlags: 0
  m_IsActive: 1
--- !u!1 &1305951509044470
GameObject:
  m_ObjectHideFlags: 1
  m_PrefabParentObject: {fileID: 0}
  m_PrefabInternal: {fileID: 100100000}
  serializedVersion: 5
  m_Component:
  - component: {fileID: 4261633462450390}
  m_Layer: 0
  m_Name: Female_LeftRing1
  m_TagString: Untagged
  m_Icon: {fileID: 0}
  m_NavMeshLayer: 0
  m_StaticEditorFlags: 0
  m_IsActive: 1
--- !u!1 &1325211303533008
GameObject:
  m_ObjectHideFlags: 1
  m_PrefabParentObject: {fileID: 0}
  m_PrefabInternal: {fileID: 100100000}
  serializedVersion: 5
  m_Component:
  - component: {fileID: 4890022472457638}
  m_Layer: 0
  m_Name: Female_RightIndex1
  m_TagString: Untagged
  m_Icon: {fileID: 0}
  m_NavMeshLayer: 0
  m_StaticEditorFlags: 0
  m_IsActive: 1
--- !u!1 &1330466627376468
GameObject:
  m_ObjectHideFlags: 1
  m_PrefabParentObject: {fileID: 0}
  m_PrefabInternal: {fileID: 100100000}
  serializedVersion: 5
  m_Component:
  - component: {fileID: 4360236552649490}
  m_Layer: 0
  m_Name: Female_LeftPinky3
  m_TagString: Untagged
  m_Icon: {fileID: 0}
  m_NavMeshLayer: 0
  m_StaticEditorFlags: 0
  m_IsActive: 1
--- !u!1 &1338283187651118
GameObject:
  m_ObjectHideFlags: 1
  m_PrefabParentObject: {fileID: 0}
  m_PrefabInternal: {fileID: 100100000}
  serializedVersion: 5
  m_Component:
  - component: {fileID: 4786291494804806}
  m_Layer: 0
  m_Name: Female_LeftRing2
  m_TagString: Untagged
  m_Icon: {fileID: 0}
  m_NavMeshLayer: 0
  m_StaticEditorFlags: 0
  m_IsActive: 1
--- !u!1 &1348419666449370
GameObject:
  m_ObjectHideFlags: 1
  m_PrefabParentObject: {fileID: 0}
  m_PrefabInternal: {fileID: 100100000}
  serializedVersion: 5
  m_Component:
  - component: {fileID: 4796076112483806}
  m_Layer: 0
  m_Name: Female_RightRing2
  m_TagString: Untagged
  m_Icon: {fileID: 0}
  m_NavMeshLayer: 0
  m_StaticEditorFlags: 0
  m_IsActive: 1
--- !u!1 &1412491132633590
GameObject:
  m_ObjectHideFlags: 1
  m_PrefabParentObject: {fileID: 0}
  m_PrefabInternal: {fileID: 100100000}
  serializedVersion: 5
  m_Component:
  - component: {fileID: 4157088380822238}
  m_Layer: 0
  m_Name: Female_LeftThumb2
  m_TagString: Untagged
  m_Icon: {fileID: 0}
  m_NavMeshLayer: 0
  m_StaticEditorFlags: 0
  m_IsActive: 1
--- !u!1 &1424856753559406
GameObject:
  m_ObjectHideFlags: 1
  m_PrefabParentObject: {fileID: 0}
  m_PrefabInternal: {fileID: 100100000}
  serializedVersion: 5
  m_Component:
  - component: {fileID: 4245590357507354}
  m_Layer: 0
  m_Name: Female_Head
  m_TagString: Untagged
  m_Icon: {fileID: 0}
  m_NavMeshLayer: 0
  m_StaticEditorFlags: 0
  m_IsActive: 1
--- !u!1 &1428809084517762
GameObject:
  m_ObjectHideFlags: 1
  m_PrefabParentObject: {fileID: 0}
  m_PrefabInternal: {fileID: 100100000}
  serializedVersion: 5
  m_Component:
  - component: {fileID: 4227645240921168}
  m_Layer: 0
  m_Name: Female_LeftShoulder
  m_TagString: Untagged
  m_Icon: {fileID: 0}
  m_NavMeshLayer: 0
  m_StaticEditorFlags: 0
  m_IsActive: 1
--- !u!1 &1445907633706046
GameObject:
  m_ObjectHideFlags: 1
  m_PrefabParentObject: {fileID: 0}
  m_PrefabInternal: {fileID: 100100000}
  serializedVersion: 5
  m_Component:
  - component: {fileID: 4107606835162358}
  m_Layer: 0
  m_Name: Female_RightArm
  m_TagString: Untagged
  m_Icon: {fileID: 0}
  m_NavMeshLayer: 0
  m_StaticEditorFlags: 0
  m_IsActive: 1
--- !u!1 &1449288283554988
GameObject:
  m_ObjectHideFlags: 1
  m_PrefabParentObject: {fileID: 0}
  m_PrefabInternal: {fileID: 100100000}
  serializedVersion: 5
  m_Component:
  - component: {fileID: 4967405843613240}
  m_Layer: 0
  m_Name: Female_RightFoot
  m_TagString: Untagged
  m_Icon: {fileID: 0}
  m_NavMeshLayer: 0
  m_StaticEditorFlags: 0
  m_IsActive: 1
--- !u!1 &1473272946089208
GameObject:
  m_ObjectHideFlags: 1
  m_PrefabParentObject: {fileID: 0}
  m_PrefabInternal: {fileID: 100100000}
  serializedVersion: 5
  m_Component:
  - component: {fileID: 4057414938928402}
  m_Layer: 0
  m_Name: Female_RightMiddle1
  m_TagString: Untagged
  m_Icon: {fileID: 0}
  m_NavMeshLayer: 0
  m_StaticEditorFlags: 0
  m_IsActive: 1
--- !u!1 &1480511686086508
GameObject:
  m_ObjectHideFlags: 1
  m_PrefabParentObject: {fileID: 0}
  m_PrefabInternal: {fileID: 100100000}
  serializedVersion: 5
  m_Component:
  - component: {fileID: 4595336675017220}
  m_Layer: 0
  m_Name: Female_EyelidRight
  m_TagString: Untagged
  m_Icon: {fileID: 0}
  m_NavMeshLayer: 0
  m_StaticEditorFlags: 0
  m_IsActive: 1
--- !u!1 &1484918108829194
GameObject:
  m_ObjectHideFlags: 1
  m_PrefabParentObject: {fileID: 0}
  m_PrefabInternal: {fileID: 100100000}
  serializedVersion: 5
  m_Component:
  - component: {fileID: 4517175959864162}
  m_Layer: 0
  m_Name: Female_RightMiddle2
  m_TagString: Untagged
  m_Icon: {fileID: 0}
  m_NavMeshLayer: 0
  m_StaticEditorFlags: 0
  m_IsActive: 1
--- !u!1 &1487820989144162
GameObject:
  m_ObjectHideFlags: 1
  m_PrefabParentObject: {fileID: 0}
  m_PrefabInternal: {fileID: 100100000}
  serializedVersion: 5
  m_Component:
  - component: {fileID: 4671428595040666}
  m_Layer: 0
  m_Name: Female_Jaw
  m_TagString: Untagged
  m_Icon: {fileID: 0}
  m_NavMeshLayer: 0
  m_StaticEditorFlags: 0
  m_IsActive: 1
--- !u!1 &1508100216558010
GameObject:
  m_ObjectHideFlags: 1
  m_PrefabParentObject: {fileID: 0}
  m_PrefabInternal: {fileID: 100100000}
  serializedVersion: 5
  m_Component:
  - component: {fileID: 4685797817573506}
  m_Layer: 0
  m_Name: Female_RightPinky1
  m_TagString: Untagged
  m_Icon: {fileID: 0}
  m_NavMeshLayer: 0
  m_StaticEditorFlags: 0
  m_IsActive: 1
--- !u!1 &1520888710078082
GameObject:
  m_ObjectHideFlags: 1
  m_PrefabParentObject: {fileID: 0}
  m_PrefabInternal: {fileID: 100100000}
  serializedVersion: 5
  m_Component:
  - component: {fileID: 4364419790017786}
  m_Layer: 0
  m_Name: Female_LeftMiddle3
  m_TagString: Untagged
  m_Icon: {fileID: 0}
  m_NavMeshLayer: 0
  m_StaticEditorFlags: 0
  m_IsActive: 1
--- !u!1 &1525641670130156
GameObject:
  m_ObjectHideFlags: 1
  m_PrefabParentObject: {fileID: 0}
  m_PrefabInternal: {fileID: 100100000}
  serializedVersion: 5
  m_Component:
  - component: {fileID: 4448678458784948}
  m_Layer: 0
  m_Name: Female_Neck
  m_TagString: Untagged
  m_Icon: {fileID: 0}
  m_NavMeshLayer: 0
  m_StaticEditorFlags: 0
  m_IsActive: 1
--- !u!1 &1527166473964376
GameObject:
  m_ObjectHideFlags: 1
  m_PrefabParentObject: {fileID: 0}
  m_PrefabInternal: {fileID: 100100000}
  serializedVersion: 5
  m_Component:
  - component: {fileID: 4078384776428800}
  m_Layer: 0
  m_Name: Female_RightHand
  m_TagString: Untagged
  m_Icon: {fileID: 0}
  m_NavMeshLayer: 0
  m_StaticEditorFlags: 0
  m_IsActive: 1
--- !u!1 &1527954606002470
GameObject:
  m_ObjectHideFlags: 1
  m_PrefabParentObject: {fileID: 0}
  m_PrefabInternal: {fileID: 100100000}
  serializedVersion: 5
  m_Component:
  - component: {fileID: 4385804147056316}
  m_Layer: 0
  m_Name: Female_RightThumb3
  m_TagString: Untagged
  m_Icon: {fileID: 0}
  m_NavMeshLayer: 0
  m_StaticEditorFlags: 0
  m_IsActive: 1
--- !u!1 &1528562858260974
GameObject:
  m_ObjectHideFlags: 1
  m_PrefabParentObject: {fileID: 0}
  m_PrefabInternal: {fileID: 100100000}
  serializedVersion: 5
  m_Component:
  - component: {fileID: 4777555699837316}
  m_Layer: 0
  m_Name: Female_LeftIndex3
  m_TagString: Untagged
  m_Icon: {fileID: 0}
  m_NavMeshLayer: 0
  m_StaticEditorFlags: 0
  m_IsActive: 1
--- !u!1 &1538466042691066
GameObject:
  m_ObjectHideFlags: 1
  m_PrefabParentObject: {fileID: 0}
  m_PrefabInternal: {fileID: 100100000}
  serializedVersion: 5
  m_Component:
  - component: {fileID: 4994305342502444}
  m_Layer: 0
  m_Name: Female_LeftIndex2
  m_TagString: Untagged
  m_Icon: {fileID: 0}
  m_NavMeshLayer: 0
  m_StaticEditorFlags: 0
  m_IsActive: 1
--- !u!1 &1552792192750800
GameObject:
  m_ObjectHideFlags: 1
  m_PrefabParentObject: {fileID: 0}
  m_PrefabInternal: {fileID: 100100000}
  serializedVersion: 5
  m_Component:
  - component: {fileID: 4068627235493638}
  m_Layer: 0
  m_Name: Female_LeftThumb4
  m_TagString: Untagged
  m_Icon: {fileID: 0}
  m_NavMeshLayer: 0
  m_StaticEditorFlags: 0
  m_IsActive: 1
--- !u!1 &1555413260507092
GameObject:
  m_ObjectHideFlags: 1
  m_PrefabParentObject: {fileID: 0}
  m_PrefabInternal: {fileID: 100100000}
  serializedVersion: 5
  m_Component:
  - component: {fileID: 4893638108011248}
  m_Layer: 0
  m_Name: Female_RightIndex2
  m_TagString: Untagged
  m_Icon: {fileID: 0}
  m_NavMeshLayer: 0
  m_StaticEditorFlags: 0
  m_IsActive: 1
--- !u!1 &1574311599742736
GameObject:
  m_ObjectHideFlags: 1
  m_PrefabParentObject: {fileID: 0}
  m_PrefabInternal: {fileID: 100100000}
  serializedVersion: 5
  m_Component:
  - component: {fileID: 4774897640536472}
  m_Layer: 0
  m_Name: Female_LeftHand
  m_TagString: Untagged
  m_Icon: {fileID: 0}
  m_NavMeshLayer: 0
  m_StaticEditorFlags: 0
  m_IsActive: 1
--- !u!1 &1580669495336898
GameObject:
  m_ObjectHideFlags: 1
  m_PrefabParentObject: {fileID: 0}
  m_PrefabInternal: {fileID: 100100000}
  serializedVersion: 5
  m_Component:
  - component: {fileID: 4053926967683352}
  m_Layer: 0
  m_Name: Female_LeftPinky1
  m_TagString: Untagged
  m_Icon: {fileID: 0}
  m_NavMeshLayer: 0
  m_StaticEditorFlags: 0
  m_IsActive: 1
--- !u!1 &1658374893539768
GameObject:
  m_ObjectHideFlags: 1
  m_PrefabParentObject: {fileID: 0}
  m_PrefabInternal: {fileID: 100100000}
  serializedVersion: 5
  m_Component:
  - component: {fileID: 4036981493173248}
  m_Layer: 0
  m_Name: Female_RightPinky3
  m_TagString: Untagged
  m_Icon: {fileID: 0}
  m_NavMeshLayer: 0
  m_StaticEditorFlags: 0
  m_IsActive: 1
--- !u!1 &1658576118592066
GameObject:
  m_ObjectHideFlags: 0
  m_PrefabParentObject: {fileID: 0}
  m_PrefabInternal: {fileID: 100100000}
  serializedVersion: 5
  m_Component:
  - component: {fileID: 4601760828707002}
  m_Layer: 0
  m_Name: Female_Hips
  m_TagString: Untagged
  m_Icon: {fileID: 0}
  m_NavMeshLayer: 0
  m_StaticEditorFlags: 0
  m_IsActive: 1
--- !u!1 &1668988883195380
GameObject:
  m_ObjectHideFlags: 1
  m_PrefabParentObject: {fileID: 0}
  m_PrefabInternal: {fileID: 100100000}
  serializedVersion: 5
  m_Component:
  - component: {fileID: 4876953320527742}
  m_Layer: 0
  m_Name: Female_LeftMiddle2
  m_TagString: Untagged
  m_Icon: {fileID: 0}
  m_NavMeshLayer: 0
  m_StaticEditorFlags: 0
  m_IsActive: 1
--- !u!1 &1701159585438806
GameObject:
  m_ObjectHideFlags: 1
  m_PrefabParentObject: {fileID: 0}
  m_PrefabInternal: {fileID: 100100000}
  serializedVersion: 5
  m_Component:
  - component: {fileID: 4166722713859054}
  m_Layer: 0
  m_Name: Female_EyeLeft
  m_TagString: Untagged
  m_Icon: {fileID: 0}
  m_NavMeshLayer: 0
  m_StaticEditorFlags: 0
  m_IsActive: 1
--- !u!1 &1701969699067732
GameObject:
  m_ObjectHideFlags: 1
  m_PrefabParentObject: {fileID: 0}
  m_PrefabInternal: {fileID: 100100000}
  serializedVersion: 5
  m_Component:
  - component: {fileID: 4270470935263338}
  m_Layer: 0
  m_Name: Female_LeftArm
  m_TagString: Untagged
  m_Icon: {fileID: 0}
  m_NavMeshLayer: 0
  m_StaticEditorFlags: 0
  m_IsActive: 1
--- !u!1 &1719286508348774
GameObject:
  m_ObjectHideFlags: 1
  m_PrefabParentObject: {fileID: 0}
  m_PrefabInternal: {fileID: 100100000}
  serializedVersion: 5
  m_Component:
  - component: {fileID: 4138710537173428}
  m_Layer: 0
  m_Name: Female_RightForeArm
  m_TagString: Untagged
  m_Icon: {fileID: 0}
  m_NavMeshLayer: 0
  m_StaticEditorFlags: 0
  m_IsActive: 1
--- !u!1 &1723291062632836
GameObject:
  m_ObjectHideFlags: 1
  m_PrefabParentObject: {fileID: 0}
  m_PrefabInternal: {fileID: 100100000}
  serializedVersion: 5
  m_Component:
  - component: {fileID: 4284417190795018}
  m_Layer: 0
  m_Name: Female_LeftIndex1
  m_TagString: Untagged
  m_Icon: {fileID: 0}
  m_NavMeshLayer: 0
  m_StaticEditorFlags: 0
  m_IsActive: 1
--- !u!1 &1725580439217060
GameObject:
  m_ObjectHideFlags: 1
  m_PrefabParentObject: {fileID: 0}
  m_PrefabInternal: {fileID: 100100000}
  serializedVersion: 5
  m_Component:
  - component: {fileID: 4076713490726064}
  m_Layer: 0
  m_Name: Female_RightThumb2
  m_TagString: Untagged
  m_Icon: {fileID: 0}
  m_NavMeshLayer: 0
  m_StaticEditorFlags: 0
  m_IsActive: 1
--- !u!1 &1735174091436006
GameObject:
  m_ObjectHideFlags: 1
  m_PrefabParentObject: {fileID: 0}
  m_PrefabInternal: {fileID: 100100000}
  serializedVersion: 5
  m_Component:
  - component: {fileID: 4280158095184006}
  m_Layer: 0
  m_Name: Female_RightRing1
  m_TagString: Untagged
  m_Icon: {fileID: 0}
  m_NavMeshLayer: 0
  m_StaticEditorFlags: 0
  m_IsActive: 1
--- !u!1 &1742649361636494
GameObject:
  m_ObjectHideFlags: 1
  m_PrefabParentObject: {fileID: 0}
  m_PrefabInternal: {fileID: 100100000}
  serializedVersion: 5
  m_Component:
  - component: {fileID: 4700002709599366}
  m_Layer: 0
  m_Name: Female_EyebrowLeft
  m_TagString: Untagged
  m_Icon: {fileID: 0}
  m_NavMeshLayer: 0
  m_StaticEditorFlags: 0
  m_IsActive: 1
--- !u!1 &1757963155812698
GameObject:
  m_ObjectHideFlags: 1
  m_PrefabParentObject: {fileID: 0}
  m_PrefabInternal: {fileID: 100100000}
  serializedVersion: 5
  m_Component:
  - component: {fileID: 4424530929976350}
  m_Layer: 0
  m_Name: Female_LeftMiddle1
  m_TagString: Untagged
  m_Icon: {fileID: 0}
  m_NavMeshLayer: 0
  m_StaticEditorFlags: 0
  m_IsActive: 1
--- !u!1 &1773948283420824
GameObject:
  m_ObjectHideFlags: 1
  m_PrefabParentObject: {fileID: 0}
  m_PrefabInternal: {fileID: 100100000}
  serializedVersion: 5
  m_Component:
  - component: {fileID: 4922351178333964}
  m_Layer: 0
  m_Name: Female_RightMiddle3
  m_TagString: Untagged
  m_Icon: {fileID: 0}
  m_NavMeshLayer: 0
  m_StaticEditorFlags: 0
  m_IsActive: 1
--- !u!1 &1780453884914952
GameObject:
  m_ObjectHideFlags: 1
  m_PrefabParentObject: {fileID: 0}
  m_PrefabInternal: {fileID: 100100000}
  serializedVersion: 5
  m_Component:
  - component: {fileID: 4089405279461134}
  m_Layer: 0
  m_Name: Female_LeftPinky2
  m_TagString: Untagged
  m_Icon: {fileID: 0}
  m_NavMeshLayer: 0
  m_StaticEditorFlags: 0
  m_IsActive: 1
--- !u!1 &1805580425186488
GameObject:
  m_ObjectHideFlags: 1
  m_PrefabParentObject: {fileID: 0}
  m_PrefabInternal: {fileID: 100100000}
  serializedVersion: 5
  m_Component:
  - component: {fileID: 4218986456741958}
  m_Layer: 0
  m_Name: Female_LeftThumb3
  m_TagString: Untagged
  m_Icon: {fileID: 0}
  m_NavMeshLayer: 0
  m_StaticEditorFlags: 0
  m_IsActive: 1
--- !u!1 &1824524731385302
GameObject:
  m_ObjectHideFlags: 1
  m_PrefabParentObject: {fileID: 0}
  m_PrefabInternal: {fileID: 100100000}
  serializedVersion: 5
  m_Component:
  - component: {fileID: 4423184998139138}
  m_Layer: 0
  m_Name: Female_RightPinky2
  m_TagString: Untagged
  m_Icon: {fileID: 0}
  m_NavMeshLayer: 0
  m_StaticEditorFlags: 0
  m_IsActive: 1
--- !u!1 &1840344662556870
GameObject:
  m_ObjectHideFlags: 1
  m_PrefabParentObject: {fileID: 0}
  m_PrefabInternal: {fileID: 100100000}
  serializedVersion: 5
  m_Component:
  - component: {fileID: 4240279833568056}
  m_Layer: 0
  m_Name: Female_CheekRight
  m_TagString: Untagged
  m_Icon: {fileID: 0}
  m_NavMeshLayer: 0
  m_StaticEditorFlags: 0
  m_IsActive: 1
--- !u!1 &1847063756127808
GameObject:
  m_ObjectHideFlags: 1
  m_PrefabParentObject: {fileID: 0}
  m_PrefabInternal: {fileID: 100100000}
  serializedVersion: 5
  m_Component:
  - component: {fileID: 4675578468562794}
  m_Layer: 0
  m_Name: Female_LeftUpLeg
  m_TagString: Untagged
  m_Icon: {fileID: 0}
  m_NavMeshLayer: 0
  m_StaticEditorFlags: 0
  m_IsActive: 1
--- !u!1 &1881282057810074
GameObject:
  m_ObjectHideFlags: 1
  m_PrefabParentObject: {fileID: 0}
  m_PrefabInternal: {fileID: 100100000}
  serializedVersion: 5
  m_Component:
  - component: {fileID: 4278955126982472}
  m_Layer: 0
  m_Name: Female_EyebrowRight
  m_TagString: Untagged
  m_Icon: {fileID: 0}
  m_NavMeshLayer: 0
  m_StaticEditorFlags: 0
  m_IsActive: 1
--- !u!1 &1907779310079926
GameObject:
  m_ObjectHideFlags: 1
  m_PrefabParentObject: {fileID: 0}
  m_PrefabInternal: {fileID: 100100000}
  serializedVersion: 5
  m_Component:
  - component: {fileID: 4158210072453950}
  m_Layer: 0
  m_Name: Female_RightRing3
  m_TagString: Untagged
  m_Icon: {fileID: 0}
  m_NavMeshLayer: 0
  m_StaticEditorFlags: 0
  m_IsActive: 1
--- !u!1 &1951962088497906
GameObject:
  m_ObjectHideFlags: 1
  m_PrefabParentObject: {fileID: 0}
  m_PrefabInternal: {fileID: 100100000}
  serializedVersion: 5
  m_Component:
  - component: {fileID: 4899789544342500}
  m_Layer: 0
  m_Name: Female_EyelidLeft
  m_TagString: Untagged
  m_Icon: {fileID: 0}
  m_NavMeshLayer: 0
  m_StaticEditorFlags: 0
  m_IsActive: 1
--- !u!1 &1954736646092320
GameObject:
  m_ObjectHideFlags: 1
  m_PrefabParentObject: {fileID: 0}
  m_PrefabInternal: {fileID: 100100000}
  serializedVersion: 5
  m_Component:
  - component: {fileID: 4191540171911268}
  m_Layer: 0
  m_Name: Female_LeftForeArm
  m_TagString: Untagged
  m_Icon: {fileID: 0}
  m_NavMeshLayer: 0
  m_StaticEditorFlags: 0
  m_IsActive: 1
--- !u!1 &1997062418014586
GameObject:
  m_ObjectHideFlags: 1
  m_PrefabParentObject: {fileID: 0}
  m_PrefabInternal: {fileID: 100100000}
  serializedVersion: 5
  m_Component:
  - component: {fileID: 4344000288501876}
  m_Layer: 0
  m_Name: Female_RightLeg
  m_TagString: Untagged
  m_Icon: {fileID: 0}
  m_NavMeshLayer: 0
  m_StaticEditorFlags: 0
  m_IsActive: 1
--- !u!4 &4013676621918752
Transform:
  m_ObjectHideFlags: 1
  m_PrefabParentObject: {fileID: 0}
  m_PrefabInternal: {fileID: 100100000}
  m_GameObject: {fileID: 1138870154713334}
  m_LocalRotation: {x: 0.83459795, y: 0.5082338, z: -0.15593442, w: 0.14432327}
  m_LocalPosition: {x: -0.13654578, y: -0.01876279, z: -0.04879999}
  m_LocalScale: {x: 0.9999996, y: 0.99999976, z: 0.99999976}
  m_Children:
  - {fileID: 4107606835162358}
  m_Father: {fileID: 4177011953689014}
  m_RootOrder: 2
  m_LocalEulerAnglesHint: {x: 0, y: 0, z: 0}
--- !u!4 &4036981493173248
Transform:
  m_ObjectHideFlags: 1
  m_PrefabParentObject: {fileID: 0}
  m_PrefabInternal: {fileID: 100100000}
  m_GameObject: {fileID: 1658374893539768}
  m_LocalRotation: {x: -0.010309598, y: -0.11367725, z: 0.019802244, w: 0.9932669}
  m_LocalPosition: {x: -0.02251944, y: 0.000000007450581, z: 0}
  m_LocalScale: {x: 0.99999994, y: 1.0000001, z: 0.9999999}
  m_Children: []
  m_Father: {fileID: 4423184998139138}
  m_RootOrder: 0
  m_LocalEulerAnglesHint: {x: 0, y: 0, z: 0}
--- !u!4 &4053926967683352
Transform:
  m_ObjectHideFlags: 1
  m_PrefabParentObject: {fileID: 0}
  m_PrefabInternal: {fileID: 100100000}
  m_GameObject: {fileID: 1580669495336898}
  m_LocalRotation: {x: -0.5861187, y: -0.16656618, z: 0.052058037, w: 0.79120827}
  m_LocalPosition: {x: -0.050913155, y: -0.0068594813, z: -0.03372912}
  m_LocalScale: {x: 1.0000002, y: 1.0000001, z: 1.0000002}
  m_Children:
  - {fileID: 4089405279461134}
  m_Father: {fileID: 4774897640536472}
  m_RootOrder: 2
  m_LocalEulerAnglesHint: {x: 0, y: 0, z: 0}
--- !u!4 &4057414938928402
Transform:
  m_ObjectHideFlags: 1
  m_PrefabParentObject: {fileID: 0}
  m_PrefabInternal: {fileID: 100100000}
  m_GameObject: {fileID: 1473272946089208}
  m_LocalRotation: {x: 0.5909976, y: -0.11393131, z: -0.05500568, w: 0.7966906}
  m_LocalPosition: {x: -0.06415993, y: 0.009833932, z: -0.0042393804}
  m_LocalScale: {x: 1.0000004, y: 0.99999994, z: 1}
  m_Children:
  - {fileID: 4517175959864162}
  m_Father: {fileID: 4078384776428800}
  m_RootOrder: 1
  m_LocalEulerAnglesHint: {x: 0, y: 0, z: 0}
--- !u!4 &4062587563634698
Transform:
  m_ObjectHideFlags: 1
  m_PrefabParentObject: {fileID: 0}
  m_PrefabInternal: {fileID: 100100000}
  m_GameObject: {fileID: 1057027639789818}
  m_LocalRotation: {x: -0.5234568, y: -0.47683105, z: -0.4758369, w: 0.5217322}
  m_LocalPosition: {x: -0.05683887, y: 0.053050265, z: -0.13008595}
  m_LocalScale: {x: 1.0000001, y: 0.99999976, z: 0.99999976}
  m_Children: []
  m_Father: {fileID: 4245590357507354}
  m_RootOrder: 9
  m_LocalEulerAnglesHint: {x: 0, y: 0, z: 0}
--- !u!4 &4068627235493638
Transform:
  m_ObjectHideFlags: 1
  m_PrefabParentObject: {fileID: 0}
  m_PrefabInternal: {fileID: 100100000}
  m_GameObject: {fileID: 1552792192750800}
  m_LocalRotation: {x: 0.000001424872, y: 0.007283865, z: 0.00000077940354, w: 0.9999735}
  m_LocalPosition: {x: -0.025596827, y: -0.00000023841858, z: -0.0000001937151}
  m_LocalScale: {x: 1.0000001, y: 1.0000001, z: 0.99999976}
  m_Children: []
  m_Father: {fileID: 4218986456741958}
  m_RootOrder: 0
  m_LocalEulerAnglesHint: {x: 0, y: 0, z: 0}
--- !u!4 &4076713490726064
Transform:
  m_ObjectHideFlags: 1
  m_PrefabParentObject: {fileID: 0}
  m_PrefabInternal: {fileID: 100100000}
  m_GameObject: {fileID: 1725580439217060}
  m_LocalRotation: {x: -0.063972384, y: -0.1176013, z: 0.05921885, w: 0.9892273}
  m_LocalPosition: {x: -0.025785446, y: 0, z: -0.000000029802322}
  m_LocalScale: {x: 0.9999999, y: 0.9999999, z: 0.9999999}
  m_Children:
  - {fileID: 4385804147056316}
  m_Father: {fileID: 4803474890437418}
  m_RootOrder: 0
  m_LocalEulerAnglesHint: {x: 0, y: 0, z: 0}
--- !u!4 &4078384776428800
Transform:
  m_ObjectHideFlags: 1
  m_PrefabParentObject: {fileID: 0}
  m_PrefabInternal: {fileID: 100100000}
  m_GameObject: {fileID: 1527166473964376}
  m_LocalRotation: {x: 0.045905188, y: -0.01860015, z: 0.22039357, w: 0.9741527}
  m_LocalPosition: {x: -0.22114134, y: 0, z: 0.00000009685755}
  m_LocalScale: {x: 1.0000001, y: 0.99999994, z: 1.0000001}
  m_Children:
  - {fileID: 4890022472457638}
  - {fileID: 4057414938928402}
  - {fileID: 4685797817573506}
  - {fileID: 4280158095184006}
  - {fileID: 4803474890437418}
  m_Father: {fileID: 4138710537173428}
  m_RootOrder: 0
  m_LocalEulerAnglesHint: {x: 0, y: 0, z: 0}
--- !u!4 &4089405279461134
Transform:
  m_ObjectHideFlags: 1
  m_PrefabParentObject: {fileID: 0}
  m_PrefabInternal: {fileID: 100100000}
  m_GameObject: {fileID: 1780453884914952}
  m_LocalRotation: {x: -0.023547046, y: -0.023284812, z: 0.033617478, w: 0.998886}
  m_LocalPosition: {x: -0.03311792, y: -0.000000014901161, z: -0.000000059604645}
  m_LocalScale: {x: 1.0000002, y: 0.99999994, z: 0.9999998}
  m_Children:
  - {fileID: 4360236552649490}
  m_Father: {fileID: 4053926967683352}
  m_RootOrder: 0
  m_LocalEulerAnglesHint: {x: 0, y: 0, z: 0}
--- !u!4 &4097692699589264
Transform:
  m_ObjectHideFlags: 1
  m_PrefabParentObject: {fileID: 0}
  m_PrefabInternal: {fileID: 100100000}
  m_GameObject: {fileID: 1117419082558810}
  m_LocalRotation: {x: 0.00000052071346, y: -0.00000013192479, z: -0.09001861, w: 0.9959401}
  m_LocalPosition: {x: -0.383294, y: 0.000000007450581, z: 0}
  m_LocalScale: {x: 1.0000001, y: 1.0000001, z: 1}
  m_Children:
  - {fileID: 4385621873929472}
  m_Father: {fileID: 4675578468562794}
  m_RootOrder: 0
  m_LocalEulerAnglesHint: {x: 0, y: 0, z: 0}
--- !u!4 &4107606835162358
Transform:
  m_ObjectHideFlags: 1
  m_PrefabParentObject: {fileID: 0}
  m_PrefabInternal: {fileID: 100100000}
  m_GameObject: {fileID: 1445907633706046}
  m_LocalRotation: {x: -0.13327032, y: 0.17721209, z: -0.59160155, w: 0.77514035}
  m_LocalPosition: {x: -0.11038914, y: -0.00000011920929, z: 0}
  m_LocalScale: {x: 0.9999999, y: 0.99999994, z: 1}
  m_Children:
  - {fileID: 4138710537173428}
  m_Father: {fileID: 4013676621918752}
  m_RootOrder: 0
  m_LocalEulerAnglesHint: {x: 0, y: 0, z: 0}
--- !u!4 &4115497742081664
Transform:
  m_ObjectHideFlags: 1
  m_PrefabParentObject: {fileID: 0}
  m_PrefabInternal: {fileID: 100100000}
  m_GameObject: {fileID: 1291061482918926}
  m_LocalRotation: {x: -0.09639102, y: 0.18531227, z: 0.28436905, w: 0.9356829}
  m_LocalPosition: {x: -0.01302442, y: -0.01868105, z: 0.016094223}
  m_LocalScale: {x: 1.0000001, y: 1, z: 1.0000002}
  m_Children:
  - {fileID: 4157088380822238}
  m_Father: {fileID: 4774897640536472}
  m_RootOrder: 4
  m_LocalEulerAnglesHint: {x: 0, y: 0, z: 0}
--- !u!4 &4138710537173428
Transform:
  m_ObjectHideFlags: 1
  m_PrefabParentObject: {fileID: 0}
  m_PrefabInternal: {fileID: 100100000}
  m_GameObject: {fileID: 1719286508348774}
  m_LocalRotation: {x: 0.021339959, y: 0.05806583, z: 0.015581187, w: 0.997963}
  m_LocalPosition: {x: -0.22267866, y: -0.000000059604645, z: 0.000000117346644}
  m_LocalScale: {x: 1.0000001, y: 1.0000001, z: 1}
  m_Children:
  - {fileID: 4078384776428800}
  m_Father: {fileID: 4107606835162358}
  m_RootOrder: 0
  m_LocalEulerAnglesHint: {x: 0, y: 0, z: 0}
--- !u!4 &4153756462845510
Transform:
  m_ObjectHideFlags: 1
  m_PrefabParentObject: {fileID: 0}
  m_PrefabInternal: {fileID: 100100000}
  m_GameObject: {fileID: 1154157020038742}
  m_LocalRotation: {x: 0.51223993, y: -0.48604056, z: 0.4870682, w: 0.5139449}
  m_LocalPosition: {x: -0.13434064, y: -0.05683965, z: -0.07054114}
  m_LocalScale: {x: 0.99999994, y: 0.99999964, z: 0.99999976}
  m_Children: []
  m_Father: {fileID: 4245590357507354}
  m_RootOrder: 7
  m_LocalEulerAnglesHint: {x: 0, y: 0, z: 0}
--- !u!4 &4157088380822238
Transform:
  m_ObjectHideFlags: 1
  m_PrefabParentObject: {fileID: 0}
  m_PrefabInternal: {fileID: 100100000}
  m_GameObject: {fileID: 1412491132633590}
  m_LocalRotation: {x: 0.063972495, y: -0.11760162, z: -0.059218887, w: 0.98922724}
  m_LocalPosition: {x: -0.025785536, y: 0, z: 0.00000011920929}
  m_LocalScale: {x: 1, y: 1.0000001, z: 1.0000002}
  m_Children:
  - {fileID: 4218986456741958}
  m_Father: {fileID: 4115497742081664}
  m_RootOrder: 0
  m_LocalEulerAnglesHint: {x: 0, y: 0, z: 0}
--- !u!4 &4158210072453950
Transform:
  m_ObjectHideFlags: 1
  m_PrefabParentObject: {fileID: 0}
  m_PrefabInternal: {fileID: 100100000}
  m_GameObject: {fileID: 1907779310079926}
  m_LocalRotation: {x: 0.0007234049, y: -0.0378134, z: 0.00035654518, w: 0.9992845}
  m_LocalPosition: {x: -0.030893743, y: 0.000000014901161, z: 0}
  m_LocalScale: {x: 1, y: 1, z: 0.9999999}
  m_Children: []
  m_Father: {fileID: 4796076112483806}
  m_RootOrder: 0
  m_LocalEulerAnglesHint: {x: 0, y: 0, z: 0}
--- !u!4 &4166722713859054
Transform:
  m_ObjectHideFlags: 1
  m_PrefabParentObject: {fileID: 0}
  m_PrefabInternal: {fileID: 100100000}
  m_GameObject: {fileID: 1701159585438806}
  m_LocalRotation: {x: 0.5122397, y: -0.4860408, z: 0.48706803, w: 0.5139451}
  m_LocalPosition: {x: -0.13427246, y: 0.05626973, z: -0.07085216}
  m_LocalScale: {x: 0.9999998, y: 0.9999997, z: 0.99999976}
  m_Children: []
  m_Father: {fileID: 4245590357507354}
  m_RootOrder: 4
  m_LocalEulerAnglesHint: {x: 0, y: 0, z: 0}
--- !u!4 &4177011953689014
Transform:
  m_ObjectHideFlags: 1
  m_PrefabParentObject: {fileID: 0}
  m_PrefabInternal: {fileID: 100100000}
  m_GameObject: {fileID: 1133964650053494}
  m_LocalRotation: {x: 0.0029395956, y: 0.16893294, z: 0.000075966054, w: 0.9856232}
  m_LocalPosition: {x: -0.096229196, y: 0, z: 0.000000029802322}
  m_LocalScale: {x: 1, y: 1, z: 0.9999999}
  m_Children:
  - {fileID: 4227645240921168}
  - {fileID: 4448678458784948}
  - {fileID: 4013676621918752}
  m_Father: {fileID: 4228763849085378}
  m_RootOrder: 0
  m_LocalEulerAnglesHint: {x: 0, y: 0, z: 0}
--- !u!4 &4191540171911268
Transform:
  m_ObjectHideFlags: 1
  m_PrefabParentObject: {fileID: 0}
  m_PrefabInternal: {fileID: 100100000}
  m_GameObject: {fileID: 1954736646092320}
  m_LocalRotation: {x: -0.021339899, y: 0.058065813, z: -0.015581196, w: 0.997963}
  m_LocalPosition: {x: -0.22267842, y: 0.000000059604645, z: -9.313226e-10}
  m_LocalScale: {x: 0.99999976, y: 0.99999976, z: 0.9999996}
  m_Children:
  - {fileID: 4774897640536472}
  m_Father: {fileID: 4270470935263338}
  m_RootOrder: 0
  m_LocalEulerAnglesHint: {x: 0, y: 0, z: 0}
--- !u!4 &4218986456741958
Transform:
  m_ObjectHideFlags: 1
  m_PrefabParentObject: {fileID: 0}
  m_PrefabInternal: {fileID: 100100000}
  m_GameObject: {fileID: 1805580425186488}
  m_LocalRotation: {x: 0.015890837, y: -0.007904375, z: -0.05932416, w: 0.99808097}
  m_LocalPosition: {x: -0.026326925, y: 0, z: -0.0000001937151}
  m_LocalScale: {x: 1.0000001, y: 1.0000002, z: 1.0000001}
  m_Children:
  - {fileID: 4068627235493638}
  m_Father: {fileID: 4157088380822238}
  m_RootOrder: 0
  m_LocalEulerAnglesHint: {x: 0, y: 0, z: 0}
--- !u!4 &4227645240921168
Transform:
  m_ObjectHideFlags: 1
  m_PrefabParentObject: {fileID: 0}
  m_PrefabInternal: {fileID: 100100000}
  m_GameObject: {fileID: 1428809084517762}
  m_LocalRotation: {x: 0.83357227, y: -0.5108959, z: -0.15425862, w: -0.14264254}
  m_LocalPosition: {x: -0.13644254, y: 0.01917015, z: -0.048895583}
  m_LocalScale: {x: 0.99999964, y: 0.99999976, z: 0.99999976}
  m_Children:
  - {fileID: 4270470935263338}
  m_Father: {fileID: 4177011953689014}
  m_RootOrder: 0
  m_LocalEulerAnglesHint: {x: 0, y: 0, z: 0}
--- !u!4 &4228763849085378
Transform:
  m_ObjectHideFlags: 1
  m_PrefabParentObject: {fileID: 0}
  m_PrefabInternal: {fileID: 100100000}
  m_GameObject: {fileID: 1170924908429218}
  m_LocalRotation: {x: -0.00027973525, y: -0.12430382, z: 0.0026369863, w: 0.99224067}
  m_LocalPosition: {x: -0.12391907, y: 0.00000010849908, z: 0.041922517}
  m_LocalScale: {x: 1, y: 1.0000004, z: 1.0000001}
  m_Children:
  - {fileID: 4177011953689014}
  m_Father: {fileID: 4601760828707002}
  m_RootOrder: 2
  m_LocalEulerAnglesHint: {x: 0, y: 0, z: 0}
--- !u!4 &4240279833568056
Transform:
  m_ObjectHideFlags: 1
  m_PrefabParentObject: {fileID: 0}
  m_PrefabInternal: {fileID: 100100000}
  m_GameObject: {fileID: 1840344662556870}
  m_LocalRotation: {x: 0.52173275, y: -0.47583634, z: 0.47683153, w: 0.5234562}
  m_LocalPosition: {x: -0.099707365, y: -0.07901977, z: -0.123485446}
  m_LocalScale: {x: 1, y: 0.9999995, z: 0.99999976}
  m_Children: []
  m_Father: {fileID: 4245590357507354}
  m_RootOrder: 1
  m_LocalEulerAnglesHint: {x: 0, y: 0, z: 0}
--- !u!4 &4245590357507354
Transform:
  m_ObjectHideFlags: 1
  m_PrefabParentObject: {fileID: 0}
  m_PrefabInternal: {fileID: 100100000}
  m_GameObject: {fileID: 1424856753559406}
  m_LocalRotation: {x: 0.001530711, y: 0.015226074, z: 0.005036066, w: 0.99987024}
  m_LocalPosition: {x: -0.06577611, y: -9.313226e-10, z: 0}
  m_LocalScale: {x: 1.0000002, y: 1.0000001, z: 1}
  m_Children:
  - {fileID: 4752210633194094}
  - {fileID: 4240279833568056}
  - {fileID: 4700002709599366}
  - {fileID: 4278955126982472}
  - {fileID: 4166722713859054}
  - {fileID: 4899789544342500}
  - {fileID: 4595336675017220}
  - {fileID: 4153756462845510}
  - {fileID: 4671428595040666}
  - {fileID: 4062587563634698}
  - {fileID: 4568406492625652}
  m_Father: {fileID: 4448678458784948}
  m_RootOrder: 0
  m_LocalEulerAnglesHint: {x: 0, y: 0, z: 0}
--- !u!4 &4247869802560648
Transform:
  m_ObjectHideFlags: 1
  m_PrefabParentObject: {fileID: 0}
  m_PrefabInternal: {fileID: 100100000}
  m_GameObject: {fileID: 1125658465164550}
  m_LocalRotation: {x: -0.0000014423792, y: 0.007284305, z: -0.0000004216381, w: 0.9999735}
  m_LocalPosition: {x: -0.025596768, y: 0.00000023841858, z: -0.00000031292439}
  m_LocalScale: {x: 1.0000001, y: 1.0000002, z: 1.0000001}
  m_Children: []
  m_Father: {fileID: 4385804147056316}
  m_RootOrder: 0
  m_LocalEulerAnglesHint: {x: 0, y: 0, z: 0}
--- !u!4 &4261633462450390
Transform:
  m_ObjectHideFlags: 1
  m_PrefabParentObject: {fileID: 0}
  m_PrefabInternal: {fileID: 100100000}
  m_GameObject: {fileID: 1305951509044470}
  m_LocalRotation: {x: -0.66887474, y: -0.15315408, z: 0.05723515, w: 0.72517216}
  m_LocalPosition: {x: -0.059007436, y: -0.0066975355, z: -0.018879637}
  m_LocalScale: {x: 1.0000001, y: 1, z: 1.0000001}
  m_Children:
  - {fileID: 4786291494804806}
  m_Father: {fileID: 4774897640536472}
  m_RootOrder: 3
  m_LocalEulerAnglesHint: {x: 0, y: 0, z: 0}
--- !u!4 &4270470935263338
Transform:
  m_ObjectHideFlags: 1
  m_PrefabParentObject: {fileID: 0}
  m_PrefabInternal: {fileID: 100100000}
  m_GameObject: {fileID: 1701969699067732}
  m_LocalRotation: {x: 0.13327007, y: 0.17721218, z: 0.5916016, w: 0.7751403}
  m_LocalPosition: {x: -0.110389024, y: -0.00000023841858, z: 0.00000011920929}
  m_LocalScale: {x: 1.0000002, y: 1.0000002, z: 1.0000002}
  m_Children:
  - {fileID: 4191540171911268}
  m_Father: {fileID: 4227645240921168}
  m_RootOrder: 0
  m_LocalEulerAnglesHint: {x: 0, y: 0, z: 0}
--- !u!4 &4278955126982472
Transform:
  m_ObjectHideFlags: 1
  m_PrefabParentObject: {fileID: 0}
  m_PrefabInternal: {fileID: 100100000}
  m_GameObject: {fileID: 1881282057810074}
  m_LocalRotation: {x: 0.43100542, y: -0.37771034, z: 0.5601851, w: 0.598132}
  m_LocalPosition: {x: -0.19689333, y: -0.058720574, z: -0.11604202}
  m_LocalScale: {x: 0.9999999, y: 0.9999999, z: 0.9999997}
  m_Children: []
  m_Father: {fileID: 4245590357507354}
  m_RootOrder: 3
  m_LocalEulerAnglesHint: {x: 0, y: 0, z: 0}
--- !u!4 &4280158095184006
Transform:
  m_ObjectHideFlags: 1
  m_PrefabParentObject: {fileID: 0}
  m_PrefabInternal: {fileID: 100100000}
  m_GameObject: {fileID: 1735174091436006}
  m_LocalRotation: {x: 0.66887474, y: -0.153154, z: -0.057235036, w: 0.7251721}
  m_LocalPosition: {x: -0.06094247, y: 0.005939901, z: -0.018787265}
  m_LocalScale: {x: 1.0000002, y: 1.0000001, z: 1}
  m_Children:
  - {fileID: 4796076112483806}
  m_Father: {fileID: 4078384776428800}
  m_RootOrder: 3
  m_LocalEulerAnglesHint: {x: 0, y: 0, z: 0}
--- !u!4 &4284417190795018
Transform:
  m_ObjectHideFlags: 1
  m_PrefabParentObject: {fileID: 0}
  m_PrefabInternal: {fileID: 100100000}
  m_GameObject: {fileID: 1723291062632836}
  m_LocalRotation: {x: -0.59574014, y: -0.09553836, z: 0.10876702, w: 0.79002273}
  m_LocalPosition: {x: -0.063340425, y: -0.016037047, z: 0.0109966695}
  m_LocalScale: {x: 1.0000001, y: 0.99999994, z: 1.0000002}
  m_Children:
  - {fileID: 4994305342502444}
  m_Father: {fileID: 4774897640536472}
  m_RootOrder: 0
  m_LocalEulerAnglesHint: {x: 0, y: 0, z: 0}
--- !u!4 &4344000288501876
Transform:
  m_ObjectHideFlags: 1
  m_PrefabParentObject: {fileID: 0}
  m_PrefabInternal: {fileID: 100100000}
  m_GameObject: {fileID: 1997062418014586}
  m_LocalRotation: {x: -0.00000047490127, y: -0.00000004292419, z: 0.09001856, w: 0.9959401}
  m_LocalPosition: {x: -0.38329405, y: -0.000000014901161, z: -0.000000011175871}
  m_LocalScale: {x: 1.0000001, y: 1, z: 1}
  m_Children:
  - {fileID: 4967405843613240}
  m_Father: {fileID: 4665356733195634}
  m_RootOrder: 0
  m_LocalEulerAnglesHint: {x: 0, y: 0, z: 0}
--- !u!4 &4360236552649490
Transform:
  m_ObjectHideFlags: 1
  m_PrefabParentObject: {fileID: 0}
  m_PrefabInternal: {fileID: 100100000}
  m_GameObject: {fileID: 1330466627376468}
  m_LocalRotation: {x: 0.010309515, y: -0.11367776, z: -0.019802315, w: 0.9932668}
  m_LocalPosition: {x: -0.02251947, y: -0.000000014901161, z: 0.00000011920929}
  m_LocalScale: {x: 0.9999997, y: 0.9999997, z: 0.99999964}
  m_Children: []
  m_Father: {fileID: 4089405279461134}
  m_RootOrder: 0
  m_LocalEulerAnglesHint: {x: 0, y: 0, z: 0}
--- !u!4 &4364419790017786
Transform:
  m_ObjectHideFlags: 1
  m_PrefabParentObject: {fileID: 0}
  m_PrefabInternal: {fileID: 100100000}
  m_GameObject: {fileID: 1520888710078082}
  m_LocalRotation: {x: 0.0027530529, y: 0.035454765, z: -0.010371037, w: 0.9993137}
  m_LocalPosition: {x: -0.035062224, y: -0.000000029802322, z: 0}
  m_LocalScale: {x: 1, y: 0.99999946, z: 1}
  m_Children: []
  m_Father: {fileID: 4876953320527742}
  m_RootOrder: 0
  m_LocalEulerAnglesHint: {x: 0, y: 0, z: 0}
--- !u!4 &4385621873929472
Transform:
  m_ObjectHideFlags: 1
  m_PrefabParentObject: {fileID: 0}
  m_PrefabInternal: {fileID: 100100000}
  m_GameObject: {fileID: 1124821680124758}
  m_LocalRotation: {x: 0.00000033215255, y: -0.00000010464615, z: 0.48671404, w: 0.8735614}
  m_LocalPosition: {x: -0.3565308, y: 0.000000035390258, z: 0.000000029802322}
  m_LocalScale: {x: 0.9999998, y: 1, z: 1}
  m_Children:
  - {fileID: 4413790931817758}
  m_Father: {fileID: 4097692699589264}
  m_RootOrder: 0
  m_LocalEulerAnglesHint: {x: 0, y: 0, z: 0}
--- !u!4 &4385804147056316
Transform:
  m_ObjectHideFlags: 1
  m_PrefabParentObject: {fileID: 0}
  m_PrefabInternal: {fileID: 100100000}
  m_GameObject: {fileID: 1527954606002470}
  m_LocalRotation: {x: -0.015890904, y: -0.007904505, z: 0.059323575, w: 0.998081}
  m_LocalPosition: {x: -0.026326984, y: -0.00000011920929, z: 0.000000014901161}
  m_LocalScale: {x: 0.9999999, y: 1, z: 1.0000001}
  m_Children:
  - {fileID: 4247869802560648}
  m_Father: {fileID: 4076713490726064}
  m_RootOrder: 0
  m_LocalEulerAnglesHint: {x: 0, y: 0, z: 0}
--- !u!4 &4413790931817758
Transform:
  m_ObjectHideFlags: 1
  m_PrefabParentObject: {fileID: 0}
  m_PrefabInternal: {fileID: 100100000}
  m_GameObject: {fileID: 1293304130318662}
  m_LocalRotation: {x: 0.0000004770962, y: 0.0000008987556, z: 0.30082414, w: 0.9536796}
  m_LocalPosition: {x: -0.156381, y: 0.000000044703484, z: -0.000000026077032}
  m_LocalScale: {x: 1, y: 1, z: 0.99999994}
  m_Children: []
  m_Father: {fileID: 4385621873929472}
  m_RootOrder: 0
  m_LocalEulerAnglesHint: {x: 0, y: 0, z: 0}
--- !u!4 &4423184998139138
Transform:
  m_ObjectHideFlags: 1
  m_PrefabParentObject: {fileID: 0}
  m_PrefabInternal: {fileID: 100100000}
  m_GameObject: {fileID: 1824524731385302}
  m_LocalRotation: {x: 0.023547087, y: -0.023284819, z: -0.03361747, w: 0.998886}
  m_LocalPosition: {x: -0.03311786, y: 0.000000014901161, z: 0}
  m_LocalScale: {x: 1, y: 1, z: 1.0000001}
  m_Children:
  - {fileID: 4036981493173248}
  m_Father: {fileID: 4685797817573506}
  m_RootOrder: 0
  m_LocalEulerAnglesHint: {x: 0, y: 0, z: 0}
--- !u!4 &4424530929976350
Transform:
  m_ObjectHideFlags: 1
  m_PrefabParentObject: {fileID: 0}
  m_PrefabInternal: {fileID: 100100000}
  m_GameObject: {fileID: 1757963155812698}
  m_LocalRotation: {x: -0.5909976, y: -0.11393109, z: 0.055005476, w: 0.79669064}
  m_LocalPosition: {x: -0.062224865, y: -0.010591626, z: -0.0043317676}
  m_LocalScale: {x: 1.0000004, y: 1.0000002, z: 1.0000002}
  m_Children:
  - {fileID: 4876953320527742}
  m_Father: {fileID: 4774897640536472}
  m_RootOrder: 1
  m_LocalEulerAnglesHint: {x: 0, y: 0, z: 0}
--- !u!4 &4448678458784948
Transform:
  m_ObjectHideFlags: 1
  m_PrefabParentObject: {fileID: 0}
  m_PrefabInternal: {fileID: 100100000}
  m_GameObject: {fileID: 1525641670130156}
  m_LocalRotation: {x: -0.0011147623, y: -0.10661163, z: -0.005968708, w: 0.9942822}
  m_LocalPosition: {x: -0.22680986, y: 0, z: 0}
  m_LocalScale: {x: 1, y: 0.99999994, z: 0.99999994}
  m_Children:
  - {fileID: 4245590357507354}
  m_Father: {fileID: 4177011953689014}
  m_RootOrder: 1
  m_LocalEulerAnglesHint: {x: 0, y: 0, z: 0}
--- !u!4 &4517175959864162
Transform:
  m_ObjectHideFlags: 1
  m_PrefabParentObject: {fileID: 0}
  m_PrefabInternal: {fileID: 100100000}
  m_GameObject: {fileID: 1484918108829194}
  m_LocalRotation: {x: 0.018300697, y: -0.07942423, z: -0.0037025874, w: 0.9966661}
  m_LocalPosition: {x: -0.037747502, y: 0.000000007450581, z: 0}
  m_LocalScale: {x: 1, y: 1.0000001, z: 1}
  m_Children:
  - {fileID: 4922351178333964}
  m_Father: {fileID: 4057414938928402}
  m_RootOrder: 0
  m_LocalEulerAnglesHint: {x: 0, y: 0, z: 0}
--- !u!4 &4568406492625652
Transform:
  m_ObjectHideFlags: 1
  m_PrefabParentObject: {fileID: 0}
  m_PrefabInternal: {fileID: 100100000}
  m_GameObject: {fileID: 1047494603468248}
  m_LocalRotation: {x: 0.52173275, y: -0.47583634, z: 0.47683153, w: 0.5234562}
  m_LocalPosition: {x: -0.056903243, y: -0.053801067, z: -0.12979208}
  m_LocalScale: {x: 1, y: 0.9999995, z: 0.99999976}
  m_Children: []
  m_Father: {fileID: 4245590357507354}
  m_RootOrder: 10
  m_LocalEulerAnglesHint: {x: 0, y: 0, z: 0}
--- !u!4 &4594694856201730
Transform:
  m_ObjectHideFlags: 1
  m_PrefabParentObject: {fileID: 0}
  m_PrefabInternal: {fileID: 100100000}
  m_GameObject: {fileID: 1123899364665010}
  m_LocalRotation: {x: -0.0007231815, y: -0.03781343, z: -0.00035659826, w: 0.9992845}
  m_LocalPosition: {x: -0.030893594, y: -0.000000037252903, z: 0}
  m_LocalScale: {x: 1, y: 0.9999999, z: 1}
  m_Children: []
  m_Father: {fileID: 4786291494804806}
  m_RootOrder: 0
  m_LocalEulerAnglesHint: {x: 0, y: 0, z: 0}
--- !u!4 &4595336675017220
Transform:
  m_ObjectHideFlags: 1
  m_PrefabParentObject: {fileID: 0}
  m_PrefabInternal: {fileID: 100100000}
  m_GameObject: {fileID: 1480511686086508}
  m_LocalRotation: {x: 0.5998035, y: -0.29257116, z: 0.37312666, w: 0.6445265}
  m_LocalPosition: {x: -0.13214493, y: -0.05684463, z: -0.07187116}
  m_LocalScale: {x: 1.0000002, y: 1, z: 0.9999999}
  m_Children: []
  m_Father: {fileID: 4245590357507354}
  m_RootOrder: 6
  m_LocalEulerAnglesHint: {x: 0, y: 0, z: 0}
--- !u!4 &4601760828707002
Transform:
  m_ObjectHideFlags: 1
  m_PrefabParentObject: {fileID: 0}
  m_PrefabInternal: {fileID: 100100000}
  m_GameObject: {fileID: 1658576118592066}
  m_LocalRotation: {x: -0.49879667, y: -0.5013859, z: 0.5002606, w: -0.4995532}
  m_LocalPosition: {x: -0.000063584186, y: -0.045700632, z: 0.69829684}
  m_LocalScale: {x: 1, y: 1, z: 1}
  m_Children:
  - {fileID: 4675578468562794}
  - {fileID: 4665356733195634}
  - {fileID: 4228763849085378}
  m_Father: {fileID: 4632579036994084}
  m_RootOrder: 0
  m_LocalEulerAnglesHint: {x: 0, y: 0, z: 0}
--- !u!4 &4611327064358536
Transform:
  m_ObjectHideFlags: 1
  m_PrefabParentObject: {fileID: 0}
  m_PrefabInternal: {fileID: 100100000}
  m_GameObject: {fileID: 1190731852406536}
  m_LocalRotation: {x: -0.00000062261154, y: 0.0000011963881, z: -0.30082414, w: 0.9536796}
  m_LocalPosition: {x: -0.15638101, y: -0.000000022351742, z: 0}
  m_LocalScale: {x: 1, y: 1.0000001, z: 1}
  m_Children: []
  m_Father: {fileID: 4967405843613240}
  m_RootOrder: 0
  m_LocalEulerAnglesHint: {x: 0, y: 0, z: 0}
--- !u!4 &4632579036994084
Transform:
  m_ObjectHideFlags: 1
  m_PrefabParentObject: {fileID: 0}
  m_PrefabInternal: {fileID: 100100000}
  m_GameObject: {fileID: 1091143228579690}
  m_LocalRotation: {x: -0.000000057741993, y: 0.7071069, z: 0.70710677, w: 0.0000000372529}
  m_LocalPosition: {x: 0.00015591271, y: 0.10853958, z: 0.054920714}
  m_LocalScale: {x: 1.0000004, y: 1.0000008, z: 1.0000006}
  m_Children:
  - {fileID: 4601760828707002}
  m_Father: {fileID: 0}
  m_RootOrder: 0
  m_LocalEulerAnglesHint: {x: 0, y: 0, z: 0}
--- !u!4 &4665356733195634
Transform:
  m_ObjectHideFlags: 1
  m_PrefabParentObject: {fileID: 0}
  m_PrefabInternal: {fileID: 100100000}
  m_GameObject: {fileID: 1043311731538464}
  m_LocalRotation: {x: -0.034101028, y: 0.70694923, z: -0.70572966, w: -0.031710185}
  m_LocalPosition: {x: -0.04579079, y: -0.057985913, z: 0.015882254}
  m_LocalScale: {x: 0.99999994, y: 0.9999998, z: 1}
  m_Children:
  - {fileID: 4344000288501876}
  m_Father: {fileID: 4601760828707002}
  m_RootOrder: 1
  m_LocalEulerAnglesHint: {x: 0, y: 0, z: 0}
--- !u!4 &4671428595040666
Transform:
  m_ObjectHideFlags: 1
  m_PrefabParentObject: {fileID: 0}
  m_PrefabInternal: {fileID: 100100000}
  m_GameObject: {fileID: 1487820989144162}
  m_LocalRotation: {x: 0.4076201, y: -0.5766031, z: 0.5779439, w: 0.40909114}
  m_LocalPosition: {x: -0.06415534, y: -0.00041536056, z: -0.0254265}
  m_LocalScale: {x: 0.99999976, y: 1.0000002, z: 0.99999976}
  m_Children: []
  m_Father: {fileID: 4245590357507354}
  m_RootOrder: 8
  m_LocalEulerAnglesHint: {x: 0, y: 0, z: 0}
--- !u!4 &4675578468562794
Transform:
  m_ObjectHideFlags: 1
  m_PrefabParentObject: {fileID: 0}
  m_PrefabInternal: {fileID: 100100000}
  m_GameObject: {fileID: 1847063756127808}
  m_LocalRotation: {x: 0.03171004, y: 0.70572895, z: 0.70694995, w: -0.034101263}
  m_LocalPosition: {x: -0.046173275, y: 0.058013245, z: 0.016100526}
  m_LocalScale: {x: 1.0000001, y: 0.99999994, z: 1}
  m_Children:
  - {fileID: 4097692699589264}
  m_Father: {fileID: 4601760828707002}
  m_RootOrder: 0
  m_LocalEulerAnglesHint: {x: 0, y: 0, z: 0}
--- !u!4 &4685797817573506
Transform:
  m_ObjectHideFlags: 1
  m_PrefabParentObject: {fileID: 0}
  m_PrefabInternal: {fileID: 100100000}
  m_GameObject: {fileID: 1508100216558010}
  m_LocalRotation: {x: 0.5861187, y: -0.16656643, z: -0.052058183, w: 0.79120827}
  m_LocalPosition: {x: -0.05284822, y: 0.0061017275, z: -0.03363663}
  m_LocalScale: {x: 1.0000004, y: 1, z: 0.99999994}
  m_Children:
  - {fileID: 4423184998139138}
  m_Father: {fileID: 4078384776428800}
  m_RootOrder: 2
  m_LocalEulerAnglesHint: {x: 0, y: 0, z: 0}
--- !u!4 &4700002709599366
Transform:
  m_ObjectHideFlags: 1
  m_PrefabParentObject: {fileID: 0}
  m_PrefabInternal: {fileID: 100100000}
  m_GameObject: {fileID: 1742649361636494}
  m_LocalRotation: {x: -0.4328757, y: -0.37898922, z: -0.5595049, w: 0.5966071}
  m_LocalPosition: {x: -0.196823, y: 0.0582141, z: -0.11636362}
  m_LocalScale: {x: 0.9999998, y: 0.9999999, z: 0.9999996}
  m_Children: []
  m_Father: {fileID: 4245590357507354}
  m_RootOrder: 2
  m_LocalEulerAnglesHint: {x: 0, y: 0, z: 0}
--- !u!4 &4752210633194094
Transform:
  m_ObjectHideFlags: 1
  m_PrefabParentObject: {fileID: 0}
  m_PrefabInternal: {fileID: 100100000}
  m_GameObject: {fileID: 1155362424403470}
  m_LocalRotation: {x: -0.52345645, y: -0.47683132, z: -0.4758366, w: 0.52173245}
  m_LocalPosition: {x: -0.099612474, y: 0.07835484, z: -0.12391817}
  m_LocalScale: {x: 0.99999994, y: 0.9999999, z: 0.99999976}
  m_Children: []
  m_Father: {fileID: 4245590357507354}
  m_RootOrder: 0
  m_LocalEulerAnglesHint: {x: 0, y: 0, z: 0}
--- !u!4 &4774897640536472
Transform:
  m_ObjectHideFlags: 1
  m_PrefabParentObject: {fileID: 0}
  m_PrefabInternal: {fileID: 100100000}
  m_GameObject: {fileID: 1574311599742736}
  m_LocalRotation: {x: -0.04590529, y: -0.01860021, z: -0.22039352, w: 0.9741527}
  m_LocalPosition: {x: -0.22114131, y: 0.000000059604645, z: 0.000000059604645}
  m_LocalScale: {x: 0.9999999, y: 1, z: 1.0000001}
  m_Children:
  - {fileID: 4284417190795018}
  - {fileID: 4424530929976350}
  - {fileID: 4053926967683352}
  - {fileID: 4261633462450390}
  - {fileID: 4115497742081664}
  m_Father: {fileID: 4191540171911268}
  m_RootOrder: 0
  m_LocalEulerAnglesHint: {x: 0, y: 0, z: 0}
--- !u!4 &4777555699837316
Transform:
  m_ObjectHideFlags: 1
  m_PrefabParentObject: {fileID: 0}
  m_PrefabInternal: {fileID: 100100000}
  m_GameObject: {fileID: 1528562858260974}
  m_LocalRotation: {x: 0.000040225295, y: 0.011791902, z: -0.00037733236, w: 0.99993044}
  m_LocalPosition: {x: -0.03387171, y: -0.000000040978193, z: -0.00000017881393}
  m_LocalScale: {x: 1, y: 1.0000001, z: 1.0000002}
  m_Children: []
  m_Father: {fileID: 4994305342502444}
  m_RootOrder: 0
  m_LocalEulerAnglesHint: {x: 0, y: 0, z: 0}
--- !u!4 &4786291494804806
Transform:
  m_ObjectHideFlags: 1
  m_PrefabParentObject: {fileID: 0}
  m_PrefabInternal: {fileID: 100100000}
  m_GameObject: {fileID: 1338283187651118}
  m_LocalRotation: {x: -0.015538231, y: -0.029287158, z: -0.009462134, w: 0.9994055}
  m_LocalPosition: {x: -0.03794667, y: 0.000000007450581, z: 0}
  m_LocalScale: {x: 1.0000001, y: 1, z: 1.0000001}
  m_Children:
  - {fileID: 4594694856201730}
  m_Father: {fileID: 4261633462450390}
  m_RootOrder: 0
  m_LocalEulerAnglesHint: {x: 0, y: 0, z: 0}
--- !u!4 &4796076112483806
Transform:
  m_ObjectHideFlags: 1
  m_PrefabParentObject: {fileID: 0}
  m_PrefabInternal: {fileID: 100100000}
  m_GameObject: {fileID: 1348419666449370}
  m_LocalRotation: {x: 0.015538201, y: -0.029286863, z: 0.009462047, w: 0.9994055}
  m_LocalPosition: {x: -0.03794661, y: 0, z: 0}
  m_LocalScale: {x: 0.9999999, y: 0.99999994, z: 1.0000001}
  m_Children:
  - {fileID: 4158210072453950}
  m_Father: {fileID: 4280158095184006}
  m_RootOrder: 0
  m_LocalEulerAnglesHint: {x: 0, y: 0, z: 0}
--- !u!4 &4798217927142854
Transform:
  m_ObjectHideFlags: 1
  m_PrefabParentObject: {fileID: 0}
  m_PrefabInternal: {fileID: 100100000}
  m_GameObject: {fileID: 1118829111610676}
  m_LocalRotation: {x: -0.00004021349, y: 0.011792946, z: 0.0003774823, w: 0.9999304}
  m_LocalPosition: {x: -0.03387165, y: 0.000000022351742, z: 0}
  m_LocalScale: {x: 0.9999998, y: 1.0000001, z: 0.9999998}
  m_Children: []
  m_Father: {fileID: 4893638108011248}
  m_RootOrder: 0
  m_LocalEulerAnglesHint: {x: 0, y: 0, z: 0}
--- !u!4 &4803474890437418
Transform:
  m_ObjectHideFlags: 1
  m_PrefabParentObject: {fileID: 0}
  m_PrefabInternal: {fileID: 100100000}
  m_GameObject: {fileID: 1026843030175246}
  m_LocalRotation: {x: 0.09639091, y: 0.18531214, z: -0.2843687, w: 0.935683}
  m_LocalPosition: {x: -0.014959484, y: 0.017923236, z: 0.016186595}
  m_LocalScale: {x: 1, y: 1.0000001, z: 1.0000001}
  m_Children:
  - {fileID: 4076713490726064}
  m_Father: {fileID: 4078384776428800}
  m_RootOrder: 4
  m_LocalEulerAnglesHint: {x: 0, y: 0, z: 0}
--- !u!4 &4876953320527742
Transform:
  m_ObjectHideFlags: 1
  m_PrefabParentObject: {fileID: 0}
  m_PrefabInternal: {fileID: 100100000}
  m_GameObject: {fileID: 1668988883195380}
  m_LocalRotation: {x: -0.018300729, y: -0.07942467, z: 0.0037025725, w: 0.996666}
  m_LocalPosition: {x: -0.037747473, y: -0.000000007450581, z: 0.000000059604645}
  m_LocalScale: {x: 1, y: 1.0000002, z: 1.0000001}
  m_Children:
  - {fileID: 4364419790017786}
  m_Father: {fileID: 4424530929976350}
  m_RootOrder: 0
  m_LocalEulerAnglesHint: {x: 0, y: 0, z: 0}
--- !u!4 &4890022472457638
Transform:
  m_ObjectHideFlags: 1
  m_PrefabParentObject: {fileID: 0}
  m_PrefabInternal: {fileID: 100100000}
  m_GameObject: {fileID: 1325211303533008}
  m_LocalRotation: {x: 0.5957403, y: -0.09553841, z: -0.1087668, w: 0.7900226}
  m_LocalPosition: {x: -0.06527537, y: 0.015279174, z: 0.011089206}
  m_LocalScale: {x: 1.0000002, y: 0.9999998, z: 0.99999994}
  m_Children:
  - {fileID: 4893638108011248}
  m_Father: {fileID: 4078384776428800}
  m_RootOrder: 0
  m_LocalEulerAnglesHint: {x: 0, y: 0, z: 0}
--- !u!4 &4893638108011248
Transform:
  m_ObjectHideFlags: 1
  m_PrefabParentObject: {fileID: 0}
  m_PrefabInternal: {fileID: 100100000}
  m_GameObject: {fileID: 1555413260507092}
  m_LocalRotation: {x: 0.016547639, y: -0.06022504, z: 0.0045809103, w: 0.99803716}
  m_LocalPosition: {x: -0.033729076, y: 0, z: 0}
  m_LocalScale: {x: 1, y: 1, z: 1}
  m_Children:
  - {fileID: 4798217927142854}
  m_Father: {fileID: 4890022472457638}
  m_RootOrder: 0
  m_LocalEulerAnglesHint: {x: 0, y: 0, z: 0}
--- !u!4 &4899789544342500
Transform:
  m_ObjectHideFlags: 1
  m_PrefabParentObject: {fileID: 0}
  m_PrefabInternal: {fileID: 100100000}
  m_GameObject: {fileID: 1951962088497906}
  m_LocalRotation: {x: 0.6424678, y: -0.37233564, z: 0.29363322, w: 0.60198087}
  m_LocalPosition: {x: -0.13207674, y: 0.056264747, z: -0.07218218}
  m_LocalScale: {x: 1.0000002, y: 0.99999976, z: 0.99999964}
  m_Children: []
  m_Father: {fileID: 4245590357507354}
  m_RootOrder: 5
  m_LocalEulerAnglesHint: {x: 0, y: 0, z: 0}
--- !u!4 &4922351178333964
Transform:
  m_ObjectHideFlags: 1
  m_PrefabParentObject: {fileID: 0}
  m_PrefabInternal: {fileID: 100100000}
  m_GameObject: {fileID: 1773948283420824}
  m_LocalRotation: {x: -0.002753041, y: 0.035455555, z: 0.010371245, w: 0.99931365}
  m_LocalPosition: {x: -0.035062134, y: 0.000000022351742, z: 0}
  m_LocalScale: {x: 1, y: 1.0000001, z: 1}
  m_Children: []
  m_Father: {fileID: 4517175959864162}
  m_RootOrder: 0
  m_LocalEulerAnglesHint: {x: 0, y: 0, z: 0}
--- !u!4 &4967405843613240
Transform:
  m_ObjectHideFlags: 1
  m_PrefabParentObject: {fileID: 0}
  m_PrefabInternal: {fileID: 100100000}
  m_GameObject: {fileID: 1449288283554988}
  m_LocalRotation: {x: -0.00000036946682, y: -0.00000017327089, z: -0.486714, w: 0.8735614}
  m_LocalPosition: {x: -0.35653087, y: -0.000000028871, z: 0.000000007450581}
  m_LocalScale: {x: 1, y: 1.0000001, z: 1}
  m_Children:
  - {fileID: 4611327064358536}
  m_Father: {fileID: 4344000288501876}
  m_RootOrder: 0
  m_LocalEulerAnglesHint: {x: 0, y: 0, z: 0}
--- !u!4 &4994305342502444
Transform:
  m_ObjectHideFlags: 1
  m_PrefabParentObject: {fileID: 0}
  m_PrefabInternal: {fileID: 100100000}
  m_GameObject: {fileID: 1538466042691066}
  m_LocalRotation: {x: -0.016547766, y: -0.060224455, z: -0.004581147, w: 0.99803716}
  m_LocalPosition: {x: -0.033729076, y: 0, z: 0.00000017881393}
  m_LocalScale: {x: 1, y: 0.9999998, z: 0.99999976}
  m_Children:
  - {fileID: 4777555699837316}
  m_Father: {fileID: 4284417190795018}
  m_RootOrder: 0
  m_LocalEulerAnglesHint: {x: 0, y: 0, z: 0}
--- !u!137 &137208263381427106
SkinnedMeshRenderer:
  m_ObjectHideFlags: 1
  m_PrefabParentObject: {fileID: 0}
  m_PrefabInternal: {fileID: 100100000}
  m_GameObject: {fileID: 1091143228579690}
  m_Enabled: 1
  m_CastShadows: 1
  m_ReceiveShadows: 1
  m_DynamicOccludee: 1
  m_MotionVectors: 1
  m_LightProbeUsage: 1
  m_ReflectionProbeUsage: 1
  m_Materials:
  - {fileID: 2100000, guid: 67c58c327b655bd4a9b65a199cd231f1, type: 2}
  m_StaticBatchInfo:
    firstSubMesh: 0
    subMeshCount: 0
  m_StaticBatchRoot: {fileID: 0}
  m_ProbeAnchor: {fileID: 0}
  m_LightProbeVolumeOverride: {fileID: 0}
  m_ScaleInLightmap: 1
  m_PreserveUVs: 0
  m_IgnoreNormalsForChartDetection: 0
  m_ImportantGI: 0
  m_StitchLightmapSeams: 0
  m_SelectedEditorRenderState: 3
  m_MinimumChartSize: 4
  m_AutoUVMaxDistance: 0.5
  m_AutoUVMaxAngle: 89
  m_LightmapParameters: {fileID: 0}
  m_SortingLayerID: 0
  m_SortingLayer: 0
  m_SortingOrder: 0
  serializedVersion: 2
  m_Quality: 0
  m_UpdateWhenOffscreen: 0
  m_SkinnedMotionVectors: 1
  m_Mesh: {fileID: 4300038, guid: 789930eedf826ae45a21ba60798ff86d, type: 3}
  m_Bones:
  - {fileID: 4413790931817758}
  - {fileID: 4385621873929472}
  - {fileID: 4097692699589264}
  - {fileID: 4611327064358536}
  - {fileID: 4967405843613240}
  - {fileID: 4344000288501876}
  m_BlendShapeWeights: []
  m_RootBone: {fileID: 4344000288501876}
  m_AABB:
    m_Center: {x: -0.27335408, y: -0.014558971, z: -0.21494243}
    m_Extent: {x: 0.35949758, y: 0.6857643, z: 0.3641453}
  m_DirtyAABB: 0
