%YAML 1.1
%TAG !u! tag:unity3d.com,2011:
--- !u!1001 &100100000
Prefab:
  m_ObjectHideFlags: 1
  serializedVersion: 2
  m_Modification:
    m_TransformParent: {fileID: 0}
    m_Modifications: []
    m_RemovedComponents: []
  m_ParentPrefab: {fileID: 0}
  m_RootGameObject: {fileID: 1803959205588180}
  m_IsPrefabParent: 1
--- !u!1 &1021840041232128
GameObject:
  m_ObjectHideFlags: 1
  m_PrefabParentObject: {fileID: 0}
  m_PrefabInternal: {fileID: 100100000}
  serializedVersion: 5
  m_Component:
  - component: {fileID: 4384998453145460}
  m_Layer: 0
  m_Name: Female_EyebrowRight
  m_TagString: Untagged
  m_Icon: {fileID: 0}
  m_NavMeshLayer: 0
  m_StaticEditorFlags: 0
  m_IsActive: 1
--- !u!1 &1039745164789330
GameObject:
  m_ObjectHideFlags: 1
  m_PrefabParentObject: {fileID: 0}
  m_PrefabInternal: {fileID: 100100000}
  serializedVersion: 5
  m_Component:
  - component: {fileID: 4933434182884106}
  m_Layer: 0
  m_Name: Female_Neck
  m_TagString: Untagged
  m_Icon: {fileID: 0}
  m_NavMeshLayer: 0
  m_StaticEditorFlags: 0
  m_IsActive: 1
--- !u!1 &1058942911942462
GameObject:
  m_ObjectHideFlags: 1
  m_PrefabParentObject: {fileID: 0}
  m_PrefabInternal: {fileID: 100100000}
  serializedVersion: 5
  m_Component:
  - component: {fileID: 4593968064484446}
  m_Layer: 0
  m_Name: Female_RightThumb1
  m_TagString: Untagged
  m_Icon: {fileID: 0}
  m_NavMeshLayer: 0
  m_StaticEditorFlags: 0
  m_IsActive: 1
--- !u!1 &1088746209559268
GameObject:
  m_ObjectHideFlags: 1
  m_PrefabParentObject: {fileID: 0}
  m_PrefabInternal: {fileID: 100100000}
  serializedVersion: 5
  m_Component:
  - component: {fileID: 4030470001354142}
  m_Layer: 0
  m_Name: Female_LeftRing2
  m_TagString: Untagged
  m_Icon: {fileID: 0}
  m_NavMeshLayer: 0
  m_StaticEditorFlags: 0
  m_IsActive: 1
--- !u!1 &1100057835057092
GameObject:
  m_ObjectHideFlags: 1
  m_PrefabParentObject: {fileID: 0}
  m_PrefabInternal: {fileID: 100100000}
  serializedVersion: 5
  m_Component:
  - component: {fileID: 4697289754993062}
  m_Layer: 0
  m_Name: Female_RightArm
  m_TagString: Untagged
  m_Icon: {fileID: 0}
  m_NavMeshLayer: 0
  m_StaticEditorFlags: 0
  m_IsActive: 1
--- !u!1 &1121178589854476
GameObject:
  m_ObjectHideFlags: 1
  m_PrefabParentObject: {fileID: 0}
  m_PrefabInternal: {fileID: 100100000}
  serializedVersion: 5
  m_Component:
  - component: {fileID: 4258532924004984}
  m_Layer: 0
  m_Name: Female_RightIndex3
  m_TagString: Untagged
  m_Icon: {fileID: 0}
  m_NavMeshLayer: 0
  m_StaticEditorFlags: 0
  m_IsActive: 1
--- !u!1 &1126085643012874
GameObject:
  m_ObjectHideFlags: 1
  m_PrefabParentObject: {fileID: 0}
  m_PrefabInternal: {fileID: 100100000}
  serializedVersion: 5
  m_Component:
  - component: {fileID: 4275176210410338}
  m_Layer: 0
  m_Name: Female_LeftMiddle2
  m_TagString: Untagged
  m_Icon: {fileID: 0}
  m_NavMeshLayer: 0
  m_StaticEditorFlags: 0
  m_IsActive: 1
--- !u!1 &1142511420973818
GameObject:
  m_ObjectHideFlags: 1
  m_PrefabParentObject: {fileID: 0}
  m_PrefabInternal: {fileID: 100100000}
  serializedVersion: 5
  m_Component:
  - component: {fileID: 4929113332243702}
  m_Layer: 0
  m_Name: Female_RightUpLeg
  m_TagString: Untagged
  m_Icon: {fileID: 0}
  m_NavMeshLayer: 0
  m_StaticEditorFlags: 0
  m_IsActive: 1
--- !u!1 &1160074041720812
GameObject:
  m_ObjectHideFlags: 1
  m_PrefabParentObject: {fileID: 0}
  m_PrefabInternal: {fileID: 100100000}
  serializedVersion: 5
  m_Component:
  - component: {fileID: 4775077385807112}
  m_Layer: 0
  m_Name: Female_LeftToeBase
  m_TagString: Untagged
  m_Icon: {fileID: 0}
  m_NavMeshLayer: 0
  m_StaticEditorFlags: 0
  m_IsActive: 1
--- !u!1 &1172221120020180
GameObject:
  m_ObjectHideFlags: 1
  m_PrefabParentObject: {fileID: 0}
  m_PrefabInternal: {fileID: 100100000}
  serializedVersion: 5
  m_Component:
  - component: {fileID: 4595314557675872}
  m_Layer: 0
  m_Name: Female_EyebrowLeft
  m_TagString: Untagged
  m_Icon: {fileID: 0}
  m_NavMeshLayer: 0
  m_StaticEditorFlags: 0
  m_IsActive: 1
--- !u!1 &1173143125867300
GameObject:
  m_ObjectHideFlags: 1
  m_PrefabParentObject: {fileID: 0}
  m_PrefabInternal: {fileID: 100100000}
  serializedVersion: 5
  m_Component:
  - component: {fileID: 4602869771213008}
  m_Layer: 0
  m_Name: Female_LeftIndex3
  m_TagString: Untagged
  m_Icon: {fileID: 0}
  m_NavMeshLayer: 0
  m_StaticEditorFlags: 0
  m_IsActive: 1
--- !u!1 &1217232209302100
GameObject:
  m_ObjectHideFlags: 1
  m_PrefabParentObject: {fileID: 0}
  m_PrefabInternal: {fileID: 100100000}
  serializedVersion: 5
  m_Component:
  - component: {fileID: 4170384435744774}
  m_Layer: 0
  m_Name: Female_RightHand
  m_TagString: Untagged
  m_Icon: {fileID: 0}
  m_NavMeshLayer: 0
  m_StaticEditorFlags: 0
  m_IsActive: 1
--- !u!1 &1219921241936524
GameObject:
  m_ObjectHideFlags: 1
  m_PrefabParentObject: {fileID: 0}
  m_PrefabInternal: {fileID: 100100000}
  serializedVersion: 5
  m_Component:
  - component: {fileID: 4654858966214438}
  m_Layer: 0
  m_Name: Female_RightShoulder
  m_TagString: Untagged
  m_Icon: {fileID: 0}
  m_NavMeshLayer: 0
  m_StaticEditorFlags: 0
  m_IsActive: 1
--- !u!1 &1223147490691080
GameObject:
  m_ObjectHideFlags: 1
  m_PrefabParentObject: {fileID: 0}
  m_PrefabInternal: {fileID: 100100000}
  serializedVersion: 5
  m_Component:
  - component: {fileID: 4703287590082362}
  m_Layer: 0
  m_Name: Female_MouthRight
  m_TagString: Untagged
  m_Icon: {fileID: 0}
  m_NavMeshLayer: 0
  m_StaticEditorFlags: 0
  m_IsActive: 1
--- !u!1 &1237382077083474
GameObject:
  m_ObjectHideFlags: 1
  m_PrefabParentObject: {fileID: 0}
  m_PrefabInternal: {fileID: 100100000}
  serializedVersion: 5
  m_Component:
  - component: {fileID: 4032980031419840}
  m_Layer: 0
  m_Name: Female_RightPinky3
  m_TagString: Untagged
  m_Icon: {fileID: 0}
  m_NavMeshLayer: 0
  m_StaticEditorFlags: 0
  m_IsActive: 1
--- !u!1 &1267070682903304
GameObject:
  m_ObjectHideFlags: 1
  m_PrefabParentObject: {fileID: 0}
  m_PrefabInternal: {fileID: 100100000}
  serializedVersion: 5
  m_Component:
  - component: {fileID: 4681060764639762}
  m_Layer: 0
  m_Name: Female_RightPinky2
  m_TagString: Untagged
  m_Icon: {fileID: 0}
  m_NavMeshLayer: 0
  m_StaticEditorFlags: 0
  m_IsActive: 1
--- !u!1 &1276002856961636
GameObject:
  m_ObjectHideFlags: 1
  m_PrefabParentObject: {fileID: 0}
  m_PrefabInternal: {fileID: 100100000}
  serializedVersion: 5
  m_Component:
  - component: {fileID: 4853807544184928}
  m_Layer: 0
  m_Name: Female_LeftRing3
  m_TagString: Untagged
  m_Icon: {fileID: 0}
  m_NavMeshLayer: 0
  m_StaticEditorFlags: 0
  m_IsActive: 1
--- !u!1 &1279022360437570
GameObject:
  m_ObjectHideFlags: 1
  m_PrefabParentObject: {fileID: 0}
  m_PrefabInternal: {fileID: 100100000}
  serializedVersion: 5
  m_Component:
  - component: {fileID: 4728079849523860}
  m_Layer: 0
  m_Name: Female_EyelidRight
  m_TagString: Untagged
  m_Icon: {fileID: 0}
  m_NavMeshLayer: 0
  m_StaticEditorFlags: 0
  m_IsActive: 1
--- !u!1 &1286074507610508
GameObject:
  m_ObjectHideFlags: 1
  m_PrefabParentObject: {fileID: 0}
  m_PrefabInternal: {fileID: 100100000}
  serializedVersion: 5
  m_Component:
  - component: {fileID: 4052813284588106}
  m_Layer: 0
  m_Name: Female_LeftForeArm
  m_TagString: Untagged
  m_Icon: {fileID: 0}
  m_NavMeshLayer: 0
  m_StaticEditorFlags: 0
  m_IsActive: 1
--- !u!1 &1290055724699946
GameObject:
  m_ObjectHideFlags: 1
  m_PrefabParentObject: {fileID: 0}
  m_PrefabInternal: {fileID: 100100000}
  serializedVersion: 5
  m_Component:
  - component: {fileID: 4987681296776464}
  m_Layer: 0
  m_Name: Female_LeftArm
  m_TagString: Untagged
  m_Icon: {fileID: 0}
  m_NavMeshLayer: 0
  m_StaticEditorFlags: 0
  m_IsActive: 1
--- !u!1 &1297232422260420
GameObject:
  m_ObjectHideFlags: 1
  m_PrefabParentObject: {fileID: 0}
  m_PrefabInternal: {fileID: 100100000}
  serializedVersion: 5
  m_Component:
  - component: {fileID: 4005679952191728}
  m_Layer: 0
  m_Name: Female_LeftThumb4
  m_TagString: Untagged
  m_Icon: {fileID: 0}
  m_NavMeshLayer: 0
  m_StaticEditorFlags: 0
  m_IsActive: 1
--- !u!1 &1306107466631602
GameObject:
  m_ObjectHideFlags: 1
  m_PrefabParentObject: {fileID: 0}
  m_PrefabInternal: {fileID: 100100000}
  serializedVersion: 5
  m_Component:
  - component: {fileID: 4523407778588690}
  m_Layer: 0
  m_Name: Female_EyeRight
  m_TagString: Untagged
  m_Icon: {fileID: 0}
  m_NavMeshLayer: 0
  m_StaticEditorFlags: 0
  m_IsActive: 1
--- !u!1 &1325941739872606
GameObject:
  m_ObjectHideFlags: 1
  m_PrefabParentObject: {fileID: 0}
  m_PrefabInternal: {fileID: 100100000}
  serializedVersion: 5
  m_Component:
  - component: {fileID: 4244409684761050}
  m_Layer: 0
  m_Name: Female_LeftPinky2
  m_TagString: Untagged
  m_Icon: {fileID: 0}
  m_NavMeshLayer: 0
  m_StaticEditorFlags: 0
  m_IsActive: 1
--- !u!1 &1328275149411736
GameObject:
  m_ObjectHideFlags: 1
  m_PrefabParentObject: {fileID: 0}
  m_PrefabInternal: {fileID: 100100000}
  serializedVersion: 5
  m_Component:
  - component: {fileID: 4516888248001344}
  m_Layer: 0
  m_Name: Female_LeftShoulder
  m_TagString: Untagged
  m_Icon: {fileID: 0}
  m_NavMeshLayer: 0
  m_StaticEditorFlags: 0
  m_IsActive: 1
--- !u!1 &1329008846707558
GameObject:
  m_ObjectHideFlags: 1
  m_PrefabParentObject: {fileID: 0}
  m_PrefabInternal: {fileID: 100100000}
  serializedVersion: 5
  m_Component:
  - component: {fileID: 4157107988985614}
  m_Layer: 0
  m_Name: Female_RightLeg
  m_TagString: Untagged
  m_Icon: {fileID: 0}
  m_NavMeshLayer: 0
  m_StaticEditorFlags: 0
  m_IsActive: 1
--- !u!1 &1337843024091244
GameObject:
  m_ObjectHideFlags: 1
  m_PrefabParentObject: {fileID: 0}
  m_PrefabInternal: {fileID: 100100000}
  serializedVersion: 5
  m_Component:
  - component: {fileID: 4375187963553854}
  m_Layer: 0
  m_Name: Female_Head
  m_TagString: Untagged
  m_Icon: {fileID: 0}
  m_NavMeshLayer: 0
  m_StaticEditorFlags: 0
  m_IsActive: 1
--- !u!1 &1340065851449662
GameObject:
  m_ObjectHideFlags: 1
  m_PrefabParentObject: {fileID: 0}
  m_PrefabInternal: {fileID: 100100000}
  serializedVersion: 5
  m_Component:
  - component: {fileID: 4209479363510356}
  m_Layer: 0
  m_Name: Female_RightForeArm
  m_TagString: Untagged
  m_Icon: {fileID: 0}
  m_NavMeshLayer: 0
  m_StaticEditorFlags: 0
  m_IsActive: 1
--- !u!1 &1376845079015366
GameObject:
  m_ObjectHideFlags: 1
  m_PrefabParentObject: {fileID: 0}
  m_PrefabInternal: {fileID: 100100000}
  serializedVersion: 5
  m_Component:
  - component: {fileID: 4986931807617644}
  m_Layer: 0
  m_Name: Female_RightThumb2
  m_TagString: Untagged
  m_Icon: {fileID: 0}
  m_NavMeshLayer: 0
  m_StaticEditorFlags: 0
  m_IsActive: 1
--- !u!1 &1395849203609378
GameObject:
  m_ObjectHideFlags: 1
  m_PrefabParentObject: {fileID: 0}
  m_PrefabInternal: {fileID: 100100000}
  serializedVersion: 5
  m_Component:
  - component: {fileID: 4297119233504026}
  m_Layer: 0
  m_Name: Female_LeftPinky3
  m_TagString: Untagged
  m_Icon: {fileID: 0}
  m_NavMeshLayer: 0
  m_StaticEditorFlags: 0
  m_IsActive: 1
--- !u!1 &1415256968746748
GameObject:
  m_ObjectHideFlags: 1
  m_PrefabParentObject: {fileID: 0}
  m_PrefabInternal: {fileID: 100100000}
  serializedVersion: 5
  m_Component:
  - component: {fileID: 4213969053624980}
  m_Layer: 0
  m_Name: Female_RightMiddle3
  m_TagString: Untagged
  m_Icon: {fileID: 0}
  m_NavMeshLayer: 0
  m_StaticEditorFlags: 0
  m_IsActive: 1
--- !u!1 &1422944972121080
GameObject:
  m_ObjectHideFlags: 1
  m_PrefabParentObject: {fileID: 0}
  m_PrefabInternal: {fileID: 100100000}
  serializedVersion: 5
  m_Component:
  - component: {fileID: 4382766747114430}
  m_Layer: 0
  m_Name: Female_Jaw
  m_TagString: Untagged
  m_Icon: {fileID: 0}
  m_NavMeshLayer: 0
  m_StaticEditorFlags: 0
  m_IsActive: 1
--- !u!1 &1429571755789626
GameObject:
  m_ObjectHideFlags: 1
  m_PrefabParentObject: {fileID: 0}
  m_PrefabInternal: {fileID: 100100000}
  serializedVersion: 5
  m_Component:
  - component: {fileID: 4492100411210990}
  m_Layer: 0
  m_Name: Female_MouthLeft
  m_TagString: Untagged
  m_Icon: {fileID: 0}
  m_NavMeshLayer: 0
  m_StaticEditorFlags: 0
  m_IsActive: 1
--- !u!1 &1432648454787798
GameObject:
  m_ObjectHideFlags: 1
  m_PrefabParentObject: {fileID: 0}
  m_PrefabInternal: {fileID: 100100000}
  serializedVersion: 5
  m_Component:
  - component: {fileID: 4773943069355666}
  m_Layer: 0
  m_Name: Female_RightRing2
  m_TagString: Untagged
  m_Icon: {fileID: 0}
  m_NavMeshLayer: 0
  m_StaticEditorFlags: 0
  m_IsActive: 1
--- !u!1 &1442686027861796
GameObject:
  m_ObjectHideFlags: 1
  m_PrefabParentObject: {fileID: 0}
  m_PrefabInternal: {fileID: 100100000}
  serializedVersion: 5
  m_Component:
  - component: {fileID: 4525755945791964}
  m_Layer: 0
  m_Name: Female_RightIndex2
  m_TagString: Untagged
  m_Icon: {fileID: 0}
  m_NavMeshLayer: 0
  m_StaticEditorFlags: 0
  m_IsActive: 1
--- !u!1 &1481665969282800
GameObject:
  m_ObjectHideFlags: 1
  m_PrefabParentObject: {fileID: 0}
  m_PrefabInternal: {fileID: 100100000}
  serializedVersion: 5
  m_Component:
  - component: {fileID: 4666961450371542}
  m_Layer: 0
  m_Name: Female_EyeLeft
  m_TagString: Untagged
  m_Icon: {fileID: 0}
  m_NavMeshLayer: 0
  m_StaticEditorFlags: 0
  m_IsActive: 1
--- !u!1 &1493252012444646
GameObject:
  m_ObjectHideFlags: 1
  m_PrefabParentObject: {fileID: 0}
  m_PrefabInternal: {fileID: 100100000}
  serializedVersion: 5
  m_Component:
  - component: {fileID: 4173289025765872}
  m_Layer: 0
  m_Name: Female_LeftHand
  m_TagString: Untagged
  m_Icon: {fileID: 0}
  m_NavMeshLayer: 0
  m_StaticEditorFlags: 0
  m_IsActive: 1
--- !u!1 &1493521556530672
GameObject:
  m_ObjectHideFlags: 1
  m_PrefabParentObject: {fileID: 0}
  m_PrefabInternal: {fileID: 100100000}
  serializedVersion: 5
  m_Component:
  - component: {fileID: 4553347756735592}
  m_Layer: 0
  m_Name: Female_RightToeBase
  m_TagString: Untagged
  m_Icon: {fileID: 0}
  m_NavMeshLayer: 0
  m_StaticEditorFlags: 0
  m_IsActive: 1
--- !u!1 &1510105324611402
GameObject:
  m_ObjectHideFlags: 1
  m_PrefabParentObject: {fileID: 0}
  m_PrefabInternal: {fileID: 100100000}
  serializedVersion: 5
  m_Component:
  - component: {fileID: 4587483032708372}
  m_Layer: 0
  m_Name: Female_RightMiddle2
  m_TagString: Untagged
  m_Icon: {fileID: 0}
  m_NavMeshLayer: 0
  m_StaticEditorFlags: 0
  m_IsActive: 1
--- !u!1 &1529705819039848
GameObject:
  m_ObjectHideFlags: 0
  m_PrefabParentObject: {fileID: 0}
  m_PrefabInternal: {fileID: 100100000}
  serializedVersion: 5
  m_Component:
  - component: {fileID: 4111015794917492}
  m_Layer: 0
  m_Name: Female_Hips
  m_TagString: Untagged
  m_Icon: {fileID: 0}
  m_NavMeshLayer: 0
  m_StaticEditorFlags: 0
  m_IsActive: 1
--- !u!1 &1541913836616530
GameObject:
  m_ObjectHideFlags: 1
  m_PrefabParentObject: {fileID: 0}
  m_PrefabInternal: {fileID: 100100000}
  serializedVersion: 5
  m_Component:
  - component: {fileID: 4584086277819160}
  m_Layer: 0
  m_Name: Female_LeftThumb2
  m_TagString: Untagged
  m_Icon: {fileID: 0}
  m_NavMeshLayer: 0
  m_StaticEditorFlags: 0
  m_IsActive: 1
--- !u!1 &1555864052339710
GameObject:
  m_ObjectHideFlags: 1
  m_PrefabParentObject: {fileID: 0}
  m_PrefabInternal: {fileID: 100100000}
  serializedVersion: 5
  m_Component:
  - component: {fileID: 4700413267580280}
  m_Layer: 0
  m_Name: Female_Spine1
  m_TagString: Untagged
  m_Icon: {fileID: 0}
  m_NavMeshLayer: 0
  m_StaticEditorFlags: 0
  m_IsActive: 1
--- !u!1 &1562079827559358
GameObject:
  m_ObjectHideFlags: 1
  m_PrefabParentObject: {fileID: 0}
  m_PrefabInternal: {fileID: 100100000}
  serializedVersion: 5
  m_Component:
  - component: {fileID: 4666194456700432}
  m_Layer: 0
  m_Name: Female_RightThumb4
  m_TagString: Untagged
  m_Icon: {fileID: 0}
  m_NavMeshLayer: 0
  m_StaticEditorFlags: 0
  m_IsActive: 1
--- !u!1 &1587891146148988
GameObject:
  m_ObjectHideFlags: 1
  m_PrefabParentObject: {fileID: 0}
  m_PrefabInternal: {fileID: 100100000}
  serializedVersion: 5
  m_Component:
  - component: {fileID: 4330502954757702}
  m_Layer: 0
  m_Name: Female_RightFoot
  m_TagString: Untagged
  m_Icon: {fileID: 0}
  m_NavMeshLayer: 0
  m_StaticEditorFlags: 0
  m_IsActive: 1
--- !u!1 &1588684880484656
GameObject:
  m_ObjectHideFlags: 1
  m_PrefabParentObject: {fileID: 0}
  m_PrefabInternal: {fileID: 100100000}
  serializedVersion: 5
  m_Component:
  - component: {fileID: 4202911741825390}
  m_Layer: 0
  m_Name: Female_EyelidLeft
  m_TagString: Untagged
  m_Icon: {fileID: 0}
  m_NavMeshLayer: 0
  m_StaticEditorFlags: 0
  m_IsActive: 1
--- !u!1 &1616231437940976
GameObject:
  m_ObjectHideFlags: 1
  m_PrefabParentObject: {fileID: 0}
  m_PrefabInternal: {fileID: 100100000}
  serializedVersion: 5
  m_Component:
  - component: {fileID: 4711302204337928}
  m_Layer: 0
  m_Name: Female_RightRing3
  m_TagString: Untagged
  m_Icon: {fileID: 0}
  m_NavMeshLayer: 0
  m_StaticEditorFlags: 0
  m_IsActive: 1
--- !u!1 &1667106248539704
GameObject:
  m_ObjectHideFlags: 1
  m_PrefabParentObject: {fileID: 0}
  m_PrefabInternal: {fileID: 100100000}
  serializedVersion: 5
  m_Component:
  - component: {fileID: 4038908069037070}
  m_Layer: 0
  m_Name: Female_LeftMiddle3
  m_TagString: Untagged
  m_Icon: {fileID: 0}
  m_NavMeshLayer: 0
  m_StaticEditorFlags: 0
  m_IsActive: 1
--- !u!1 &1678787467653004
GameObject:
  m_ObjectHideFlags: 1
  m_PrefabParentObject: {fileID: 0}
  m_PrefabInternal: {fileID: 100100000}
  serializedVersion: 5
  m_Component:
  - component: {fileID: 4438241612791464}
  m_Layer: 0
  m_Name: Female_LeftThumb3
  m_TagString: Untagged
  m_Icon: {fileID: 0}
  m_NavMeshLayer: 0
  m_StaticEditorFlags: 0
  m_IsActive: 1
--- !u!1 &1724388702146786
GameObject:
  m_ObjectHideFlags: 1
  m_PrefabParentObject: {fileID: 0}
  m_PrefabInternal: {fileID: 100100000}
  serializedVersion: 5
  m_Component:
  - component: {fileID: 4312679437135160}
  m_Layer: 0
  m_Name: Female_LeftRing1
  m_TagString: Untagged
  m_Icon: {fileID: 0}
  m_NavMeshLayer: 0
  m_StaticEditorFlags: 0
  m_IsActive: 1
--- !u!1 &1761767397664506
GameObject:
  m_ObjectHideFlags: 1
  m_PrefabParentObject: {fileID: 0}
  m_PrefabInternal: {fileID: 100100000}
  serializedVersion: 5
  m_Component:
  - component: {fileID: 4308924918364172}
  m_Layer: 0
  m_Name: Female_RightIndex1
  m_TagString: Untagged
  m_Icon: {fileID: 0}
  m_NavMeshLayer: 0
  m_StaticEditorFlags: 0
  m_IsActive: 1
--- !u!1 &1772086854716088
GameObject:
  m_ObjectHideFlags: 1
  m_PrefabParentObject: {fileID: 0}
  m_PrefabInternal: {fileID: 100100000}
  serializedVersion: 5
  m_Component:
  - component: {fileID: 4375624579006096}
  m_Layer: 0
  m_Name: Female_CheekRight
  m_TagString: Untagged
  m_Icon: {fileID: 0}
  m_NavMeshLayer: 0
  m_StaticEditorFlags: 0
  m_IsActive: 1
--- !u!1 &1779410336336138
GameObject:
  m_ObjectHideFlags: 1
  m_PrefabParentObject: {fileID: 0}
  m_PrefabInternal: {fileID: 100100000}
  serializedVersion: 5
  m_Component:
  - component: {fileID: 4780553175798348}
  m_Layer: 0
  m_Name: Female_Spine
  m_TagString: Untagged
  m_Icon: {fileID: 0}
  m_NavMeshLayer: 0
  m_StaticEditorFlags: 0
  m_IsActive: 1
--- !u!1 &1796341472082730
GameObject:
  m_ObjectHideFlags: 1
  m_PrefabParentObject: {fileID: 0}
  m_PrefabInternal: {fileID: 100100000}
  serializedVersion: 5
  m_Component:
  - component: {fileID: 4084912075637234}
  m_Layer: 0
  m_Name: Female_RightThumb3
  m_TagString: Untagged
  m_Icon: {fileID: 0}
  m_NavMeshLayer: 0
  m_StaticEditorFlags: 0
  m_IsActive: 1
--- !u!1 &1803959205588180
GameObject:
  m_ObjectHideFlags: 0
  m_PrefabParentObject: {fileID: 0}
  m_PrefabInternal: {fileID: 100100000}
  serializedVersion: 5
  m_Component:
  - component: {fileID: 4974825844481416}
  - component: {fileID: 137610570184717662}
  m_Layer: 0
  m_Name: shoes-2
  m_TagString: Untagged
  m_Icon: {fileID: 0}
  m_NavMeshLayer: 0
  m_StaticEditorFlags: 0
  m_IsActive: 1
--- !u!1 &1813553337657134
GameObject:
  m_ObjectHideFlags: 1
  m_PrefabParentObject: {fileID: 0}
  m_PrefabInternal: {fileID: 100100000}
  serializedVersion: 5
  m_Component:
  - component: {fileID: 4387947877329462}
  m_Layer: 0
  m_Name: Female_LeftIndex1
  m_TagString: Untagged
  m_Icon: {fileID: 0}
  m_NavMeshLayer: 0
  m_StaticEditorFlags: 0
  m_IsActive: 1
--- !u!1 &1823011846726610
GameObject:
  m_ObjectHideFlags: 1
  m_PrefabParentObject: {fileID: 0}
  m_PrefabInternal: {fileID: 100100000}
  serializedVersion: 5
  m_Component:
  - component: {fileID: 4641181862416982}
  m_Layer: 0
  m_Name: Female_RightPinky1
  m_TagString: Untagged
  m_Icon: {fileID: 0}
  m_NavMeshLayer: 0
  m_StaticEditorFlags: 0
  m_IsActive: 1
--- !u!1 &1825221348760816
GameObject:
  m_ObjectHideFlags: 1
  m_PrefabParentObject: {fileID: 0}
  m_PrefabInternal: {fileID: 100100000}
  serializedVersion: 5
  m_Component:
  - component: {fileID: 4350303893837304}
  m_Layer: 0
  m_Name: Female_LeftIndex2
  m_TagString: Untagged
  m_Icon: {fileID: 0}
  m_NavMeshLayer: 0
  m_StaticEditorFlags: 0
  m_IsActive: 1
--- !u!1 &1840684615922320
GameObject:
  m_ObjectHideFlags: 1
  m_PrefabParentObject: {fileID: 0}
  m_PrefabInternal: {fileID: 100100000}
  serializedVersion: 5
  m_Component:
  - component: {fileID: 4392602630539224}
  m_Layer: 0
  m_Name: Female_LeftLeg
  m_TagString: Untagged
  m_Icon: {fileID: 0}
  m_NavMeshLayer: 0
  m_StaticEditorFlags: 0
  m_IsActive: 1
--- !u!1 &1845061793367582
GameObject:
  m_ObjectHideFlags: 1
  m_PrefabParentObject: {fileID: 0}
  m_PrefabInternal: {fileID: 100100000}
  serializedVersion: 5
  m_Component:
  - component: {fileID: 4190829078656914}
  m_Layer: 0
  m_Name: Female_LeftThumb1
  m_TagString: Untagged
  m_Icon: {fileID: 0}
  m_NavMeshLayer: 0
  m_StaticEditorFlags: 0
  m_IsActive: 1
--- !u!1 &1857879696874872
GameObject:
  m_ObjectHideFlags: 1
  m_PrefabParentObject: {fileID: 0}
  m_PrefabInternal: {fileID: 100100000}
  serializedVersion: 5
  m_Component:
  - component: {fileID: 4656555535308008}
  m_Layer: 0
  m_Name: Female_CheekLeft
  m_TagString: Untagged
  m_Icon: {fileID: 0}
  m_NavMeshLayer: 0
  m_StaticEditorFlags: 0
  m_IsActive: 1
--- !u!1 &1860015246667594
GameObject:
  m_ObjectHideFlags: 1
  m_PrefabParentObject: {fileID: 0}
  m_PrefabInternal: {fileID: 100100000}
  serializedVersion: 5
  m_Component:
  - component: {fileID: 4479633810496036}
  m_Layer: 0
  m_Name: Female_LeftFoot
  m_TagString: Untagged
  m_Icon: {fileID: 0}
  m_NavMeshLayer: 0
  m_StaticEditorFlags: 0
  m_IsActive: 1
--- !u!1 &1880213335069376
GameObject:
  m_ObjectHideFlags: 1
  m_PrefabParentObject: {fileID: 0}
  m_PrefabInternal: {fileID: 100100000}
  serializedVersion: 5
  m_Component:
  - component: {fileID: 4634742523105696}
  m_Layer: 0
  m_Name: Female_LeftMiddle1
  m_TagString: Untagged
  m_Icon: {fileID: 0}
  m_NavMeshLayer: 0
  m_StaticEditorFlags: 0
  m_IsActive: 1
--- !u!1 &1921625020225646
GameObject:
  m_ObjectHideFlags: 1
  m_PrefabParentObject: {fileID: 0}
  m_PrefabInternal: {fileID: 100100000}
  serializedVersion: 5
  m_Component:
  - component: {fileID: 4367511732282282}
  m_Layer: 0
  m_Name: Female_LeftUpLeg
  m_TagString: Untagged
  m_Icon: {fileID: 0}
  m_NavMeshLayer: 0
  m_StaticEditorFlags: 0
  m_IsActive: 1
--- !u!1 &1923059916442406
GameObject:
  m_ObjectHideFlags: 1
  m_PrefabParentObject: {fileID: 0}
  m_PrefabInternal: {fileID: 100100000}
  serializedVersion: 5
  m_Component:
  - component: {fileID: 4147184740749306}
  m_Layer: 0
  m_Name: Female_LeftPinky1
  m_TagString: Untagged
  m_Icon: {fileID: 0}
  m_NavMeshLayer: 0
  m_StaticEditorFlags: 0
  m_IsActive: 1
--- !u!1 &1940433400652344
GameObject:
  m_ObjectHideFlags: 1
  m_PrefabParentObject: {fileID: 0}
  m_PrefabInternal: {fileID: 100100000}
  serializedVersion: 5
  m_Component:
  - component: {fileID: 4489434761904402}
  m_Layer: 0
  m_Name: Female_RightRing1
  m_TagString: Untagged
  m_Icon: {fileID: 0}
  m_NavMeshLayer: 0
  m_StaticEditorFlags: 0
  m_IsActive: 1
--- !u!1 &1941271272001008
GameObject:
  m_ObjectHideFlags: 1
  m_PrefabParentObject: {fileID: 0}
  m_PrefabInternal: {fileID: 100100000}
  serializedVersion: 5
  m_Component:
  - component: {fileID: 4231915196281040}
  m_Layer: 0
  m_Name: Female_RightMiddle1
  m_TagString: Untagged
  m_Icon: {fileID: 0}
  m_NavMeshLayer: 0
  m_StaticEditorFlags: 0
  m_IsActive: 1
--- !u!4 &4005679952191728
Transform:
  m_ObjectHideFlags: 1
  m_PrefabParentObject: {fileID: 0}
  m_PrefabInternal: {fileID: 100100000}
  m_GameObject: {fileID: 1297232422260420}
  m_LocalRotation: {x: 0.000001424872, y: 0.007283865, z: 0.00000077940354, w: 0.9999735}
  m_LocalPosition: {x: -0.025596827, y: -0.00000023841858, z: -0.0000001937151}
  m_LocalScale: {x: 1.0000001, y: 1.0000001, z: 0.99999976}
  m_Children: []
  m_Father: {fileID: 4438241612791464}
  m_RootOrder: 0
  m_LocalEulerAnglesHint: {x: 0, y: 0, z: 0}
--- !u!4 &4030470001354142
Transform:
  m_ObjectHideFlags: 1
  m_PrefabParentObject: {fileID: 0}
  m_PrefabInternal: {fileID: 100100000}
  m_GameObject: {fileID: 1088746209559268}
  m_LocalRotation: {x: -0.015538231, y: -0.029287158, z: -0.009462134, w: 0.9994055}
  m_LocalPosition: {x: -0.03794667, y: 0.000000007450581, z: 0}
  m_LocalScale: {x: 1.0000001, y: 1, z: 1.0000001}
  m_Children:
  - {fileID: 4853807544184928}
  m_Father: {fileID: 4312679437135160}
  m_RootOrder: 0
  m_LocalEulerAnglesHint: {x: 0, y: 0, z: 0}
--- !u!4 &4032980031419840
Transform:
  m_ObjectHideFlags: 1
  m_PrefabParentObject: {fileID: 0}
  m_PrefabInternal: {fileID: 100100000}
  m_GameObject: {fileID: 1237382077083474}
  m_LocalRotation: {x: -0.010309598, y: -0.11367725, z: 0.019802244, w: 0.9932669}
  m_LocalPosition: {x: -0.02251944, y: 0.000000007450581, z: 0}
  m_LocalScale: {x: 0.99999994, y: 1.0000001, z: 0.9999999}
  m_Children: []
  m_Father: {fileID: 4681060764639762}
  m_RootOrder: 0
  m_LocalEulerAnglesHint: {x: 0, y: 0, z: 0}
--- !u!4 &4038908069037070
Transform:
  m_ObjectHideFlags: 1
  m_PrefabParentObject: {fileID: 0}
  m_PrefabInternal: {fileID: 100100000}
  m_GameObject: {fileID: 1667106248539704}
  m_LocalRotation: {x: 0.0027530529, y: 0.035454765, z: -0.010371037, w: 0.9993137}
  m_LocalPosition: {x: -0.035062224, y: -0.000000029802322, z: 0}
  m_LocalScale: {x: 1, y: 0.99999946, z: 1}
  m_Children: []
  m_Father: {fileID: 4275176210410338}
  m_RootOrder: 0
  m_LocalEulerAnglesHint: {x: 0, y: 0, z: 0}
--- !u!4 &4052813284588106
Transform:
  m_ObjectHideFlags: 1
  m_PrefabParentObject: {fileID: 0}
  m_PrefabInternal: {fileID: 100100000}
  m_GameObject: {fileID: 1286074507610508}
  m_LocalRotation: {x: -0.021339899, y: 0.058065813, z: -0.015581196, w: 0.997963}
  m_LocalPosition: {x: -0.22267842, y: 0.000000059604645, z: -9.313226e-10}
  m_LocalScale: {x: 0.99999976, y: 0.99999976, z: 0.9999996}
  m_Children:
  - {fileID: 4173289025765872}
  m_Father: {fileID: 4987681296776464}
  m_RootOrder: 0
  m_LocalEulerAnglesHint: {x: 0, y: 0, z: 0}
--- !u!4 &4084912075637234
Transform:
  m_ObjectHideFlags: 1
  m_PrefabParentObject: {fileID: 0}
  m_PrefabInternal: {fileID: 100100000}
  m_GameObject: {fileID: 1796341472082730}
  m_LocalRotation: {x: -0.015890904, y: -0.007904505, z: 0.059323575, w: 0.998081}
  m_LocalPosition: {x: -0.026326984, y: -0.00000011920929, z: 0.000000014901161}
  m_LocalScale: {x: 0.9999999, y: 1, z: 1.0000001}
  m_Children:
  - {fileID: 4666194456700432}
  m_Father: {fileID: 4986931807617644}
  m_RootOrder: 0
  m_LocalEulerAnglesHint: {x: 0, y: 0, z: 0}
--- !u!4 &4111015794917492
Transform:
  m_ObjectHideFlags: 1
  m_PrefabParentObject: {fileID: 0}
  m_PrefabInternal: {fileID: 100100000}
  m_GameObject: {fileID: 1529705819039848}
  m_LocalRotation: {x: -0.49879667, y: -0.501386, z: 0.50026053, w: -0.49955314}
  m_LocalPosition: {x: -0.00031562033, y: -0.04604628, z: 0.72656703}
  m_LocalScale: {x: 1, y: 1, z: 1}
  m_Children:
  - {fileID: 4367511732282282}
  - {fileID: 4929113332243702}
  - {fileID: 4780553175798348}
  m_Father: {fileID: 4974825844481416}
  m_RootOrder: 0
  m_LocalEulerAnglesHint: {x: 0, y: 0, z: 0}
--- !u!4 &4147184740749306
Transform:
  m_ObjectHideFlags: 1
  m_PrefabParentObject: {fileID: 0}
  m_PrefabInternal: {fileID: 100100000}
  m_GameObject: {fileID: 1923059916442406}
  m_LocalRotation: {x: -0.5861187, y: -0.16656618, z: 0.052058037, w: 0.79120827}
  m_LocalPosition: {x: -0.050913155, y: -0.0068594813, z: -0.03372912}
  m_LocalScale: {x: 1.0000002, y: 1.0000001, z: 1.0000002}
  m_Children:
  - {fileID: 4244409684761050}
  m_Father: {fileID: 4173289025765872}
  m_RootOrder: 2
  m_LocalEulerAnglesHint: {x: 0, y: 0, z: 0}
--- !u!4 &4157107988985614
Transform:
  m_ObjectHideFlags: 1
  m_PrefabParentObject: {fileID: 0}
  m_PrefabInternal: {fileID: 100100000}
  m_GameObject: {fileID: 1329008846707558}
  m_LocalRotation: {x: -0.00000047490127, y: -0.00000004292419, z: 0.09001856, w: 0.9959401}
  m_LocalPosition: {x: -0.38329405, y: -0.000000014901161, z: -0.000000011175871}
  m_LocalScale: {x: 1.0000001, y: 1, z: 1}
  m_Children:
  - {fileID: 4330502954757702}
  m_Father: {fileID: 4929113332243702}
  m_RootOrder: 0
  m_LocalEulerAnglesHint: {x: 0, y: 0, z: 0}
--- !u!4 &4170384435744774
Transform:
  m_ObjectHideFlags: 1
  m_PrefabParentObject: {fileID: 0}
  m_PrefabInternal: {fileID: 100100000}
  m_GameObject: {fileID: 1217232209302100}
  m_LocalRotation: {x: 0.045905188, y: -0.01860015, z: 0.22039357, w: 0.9741527}
  m_LocalPosition: {x: -0.22114134, y: 0, z: 0.00000009685755}
  m_LocalScale: {x: 1.0000001, y: 0.99999994, z: 1.0000001}
  m_Children:
  - {fileID: 4308924918364172}
  - {fileID: 4231915196281040}
  - {fileID: 4641181862416982}
  - {fileID: 4489434761904402}
  - {fileID: 4593968064484446}
  m_Father: {fileID: 4209479363510356}
  m_RootOrder: 0
  m_LocalEulerAnglesHint: {x: 0, y: 0, z: 0}
--- !u!4 &4173289025765872
Transform:
  m_ObjectHideFlags: 1
  m_PrefabParentObject: {fileID: 0}
  m_PrefabInternal: {fileID: 100100000}
  m_GameObject: {fileID: 1493252012444646}
  m_LocalRotation: {x: -0.04590529, y: -0.01860021, z: -0.22039352, w: 0.9741527}
  m_LocalPosition: {x: -0.22114131, y: 0.000000059604645, z: 0.000000059604645}
  m_LocalScale: {x: 0.9999999, y: 1, z: 1.0000001}
  m_Children:
  - {fileID: 4387947877329462}
  - {fileID: 4634742523105696}
  - {fileID: 4147184740749306}
  - {fileID: 4312679437135160}
  - {fileID: 4190829078656914}
  m_Father: {fileID: 4052813284588106}
  m_RootOrder: 0
  m_LocalEulerAnglesHint: {x: 0, y: 0, z: 0}
--- !u!4 &4190829078656914
Transform:
  m_ObjectHideFlags: 1
  m_PrefabParentObject: {fileID: 0}
  m_PrefabInternal: {fileID: 100100000}
  m_GameObject: {fileID: 1845061793367582}
  m_LocalRotation: {x: -0.09639102, y: 0.18531227, z: 0.28436905, w: 0.9356829}
  m_LocalPosition: {x: -0.01302442, y: -0.01868105, z: 0.016094223}
  m_LocalScale: {x: 1.0000001, y: 1, z: 1.0000002}
  m_Children:
  - {fileID: 4584086277819160}
  m_Father: {fileID: 4173289025765872}
  m_RootOrder: 4
  m_LocalEulerAnglesHint: {x: 0, y: 0, z: 0}
--- !u!4 &4202911741825390
Transform:
  m_ObjectHideFlags: 1
  m_PrefabParentObject: {fileID: 0}
  m_PrefabInternal: {fileID: 100100000}
  m_GameObject: {fileID: 1588684880484656}
  m_LocalRotation: {x: 0.6424678, y: -0.37233564, z: 0.29363322, w: 0.60198087}
  m_LocalPosition: {x: -0.13207674, y: 0.056264747, z: -0.07218218}
  m_LocalScale: {x: 1.0000002, y: 0.99999976, z: 0.99999964}
  m_Children: []
  m_Father: {fileID: 4375187963553854}
  m_RootOrder: 5
  m_LocalEulerAnglesHint: {x: 0, y: 0, z: 0}
--- !u!4 &4209479363510356
Transform:
  m_ObjectHideFlags: 1
  m_PrefabParentObject: {fileID: 0}
  m_PrefabInternal: {fileID: 100100000}
  m_GameObject: {fileID: 1340065851449662}
  m_LocalRotation: {x: 0.021339959, y: 0.05806583, z: 0.015581187, w: 0.997963}
  m_LocalPosition: {x: -0.22267866, y: -0.000000059604645, z: 0.000000117346644}
  m_LocalScale: {x: 1.0000001, y: 1.0000001, z: 1}
  m_Children:
  - {fileID: 4170384435744774}
  m_Father: {fileID: 4697289754993062}
  m_RootOrder: 0
  m_LocalEulerAnglesHint: {x: 0, y: 0, z: 0}
--- !u!4 &4213969053624980
Transform:
  m_ObjectHideFlags: 1
  m_PrefabParentObject: {fileID: 0}
  m_PrefabInternal: {fileID: 100100000}
  m_GameObject: {fileID: 1415256968746748}
  m_LocalRotation: {x: -0.002753041, y: 0.035455555, z: 0.010371245, w: 0.99931365}
  m_LocalPosition: {x: -0.035062134, y: 0.000000022351742, z: 0}
  m_LocalScale: {x: 1, y: 1.0000001, z: 1}
  m_Children: []
  m_Father: {fileID: 4587483032708372}
  m_RootOrder: 0
  m_LocalEulerAnglesHint: {x: 0, y: 0, z: 0}
--- !u!4 &4231915196281040
Transform:
  m_ObjectHideFlags: 1
  m_PrefabParentObject: {fileID: 0}
  m_PrefabInternal: {fileID: 100100000}
  m_GameObject: {fileID: 1941271272001008}
  m_LocalRotation: {x: 0.5909976, y: -0.11393131, z: -0.05500568, w: 0.7966906}
  m_LocalPosition: {x: -0.06415993, y: 0.009833932, z: -0.0042393804}
  m_LocalScale: {x: 1.0000004, y: 0.99999994, z: 1}
  m_Children:
  - {fileID: 4587483032708372}
  m_Father: {fileID: 4170384435744774}
  m_RootOrder: 1
  m_LocalEulerAnglesHint: {x: 0, y: 0, z: 0}
--- !u!4 &4244409684761050
Transform:
  m_ObjectHideFlags: 1
  m_PrefabParentObject: {fileID: 0}
  m_PrefabInternal: {fileID: 100100000}
  m_GameObject: {fileID: 1325941739872606}
  m_LocalRotation: {x: -0.023547046, y: -0.023284812, z: 0.033617478, w: 0.998886}
  m_LocalPosition: {x: -0.03311792, y: -0.000000014901161, z: -0.000000059604645}
  m_LocalScale: {x: 1.0000002, y: 0.99999994, z: 0.9999998}
  m_Children:
  - {fileID: 4297119233504026}
  m_Father: {fileID: 4147184740749306}
  m_RootOrder: 0
  m_LocalEulerAnglesHint: {x: 0, y: 0, z: 0}
--- !u!4 &4258532924004984
Transform:
  m_ObjectHideFlags: 1
  m_PrefabParentObject: {fileID: 0}
  m_PrefabInternal: {fileID: 100100000}
  m_GameObject: {fileID: 1121178589854476}
  m_LocalRotation: {x: -0.00004021349, y: 0.011792946, z: 0.0003774823, w: 0.9999304}
  m_LocalPosition: {x: -0.03387165, y: 0.000000022351742, z: 0}
  m_LocalScale: {x: 0.9999998, y: 1.0000001, z: 0.9999998}
  m_Children: []
  m_Father: {fileID: 4525755945791964}
  m_RootOrder: 0
  m_LocalEulerAnglesHint: {x: 0, y: 0, z: 0}
--- !u!4 &4275176210410338
Transform:
  m_ObjectHideFlags: 1
  m_PrefabParentObject: {fileID: 0}
  m_PrefabInternal: {fileID: 100100000}
  m_GameObject: {fileID: 1126085643012874}
  m_LocalRotation: {x: -0.018300729, y: -0.07942467, z: 0.0037025725, w: 0.996666}
  m_LocalPosition: {x: -0.037747473, y: -0.000000007450581, z: 0.000000059604645}
  m_LocalScale: {x: 1, y: 1.0000002, z: 1.0000001}
  m_Children:
  - {fileID: 4038908069037070}
  m_Father: {fileID: 4634742523105696}
  m_RootOrder: 0
  m_LocalEulerAnglesHint: {x: 0, y: 0, z: 0}
--- !u!4 &4297119233504026
Transform:
  m_ObjectHideFlags: 1
  m_PrefabParentObject: {fileID: 0}
  m_PrefabInternal: {fileID: 100100000}
  m_GameObject: {fileID: 1395849203609378}
  m_LocalRotation: {x: 0.010309515, y: -0.11367776, z: -0.019802315, w: 0.9932668}
  m_LocalPosition: {x: -0.02251947, y: -0.000000014901161, z: 0.00000011920929}
  m_LocalScale: {x: 0.9999997, y: 0.9999997, z: 0.99999964}
  m_Children: []
  m_Father: {fileID: 4244409684761050}
  m_RootOrder: 0
  m_LocalEulerAnglesHint: {x: 0, y: 0, z: 0}
--- !u!4 &4308924918364172
Transform:
  m_ObjectHideFlags: 1
  m_PrefabParentObject: {fileID: 0}
  m_PrefabInternal: {fileID: 100100000}
  m_GameObject: {fileID: 1761767397664506}
  m_LocalRotation: {x: 0.5957403, y: -0.09553841, z: -0.1087668, w: 0.7900226}
  m_LocalPosition: {x: -0.06527537, y: 0.015279174, z: 0.011089206}
  m_LocalScale: {x: 1.0000002, y: 0.9999998, z: 0.99999994}
  m_Children:
  - {fileID: 4525755945791964}
  m_Father: {fileID: 4170384435744774}
  m_RootOrder: 0
  m_LocalEulerAnglesHint: {x: 0, y: 0, z: 0}
--- !u!4 &4312679437135160
Transform:
  m_ObjectHideFlags: 1
  m_PrefabParentObject: {fileID: 0}
  m_PrefabInternal: {fileID: 100100000}
  m_GameObject: {fileID: 1724388702146786}
  m_LocalRotation: {x: -0.66887474, y: -0.15315408, z: 0.05723515, w: 0.72517216}
  m_LocalPosition: {x: -0.059007436, y: -0.0066975355, z: -0.018879637}
  m_LocalScale: {x: 1.0000001, y: 1, z: 1.0000001}
  m_Children:
  - {fileID: 4030470001354142}
  m_Father: {fileID: 4173289025765872}
  m_RootOrder: 3
  m_LocalEulerAnglesHint: {x: 0, y: 0, z: 0}
--- !u!4 &4330502954757702
Transform:
  m_ObjectHideFlags: 1
  m_PrefabParentObject: {fileID: 0}
  m_PrefabInternal: {fileID: 100100000}
  m_GameObject: {fileID: 1587891146148988}
  m_LocalRotation: {x: -0.00000036946682, y: -0.00000017327089, z: -0.486714, w: 0.8735614}
  m_LocalPosition: {x: -0.35653087, y: -0.000000028871, z: 0.000000007450581}
  m_LocalScale: {x: 1, y: 1.0000001, z: 1}
  m_Children:
  - {fileID: 4553347756735592}
  m_Father: {fileID: 4157107988985614}
  m_RootOrder: 0
  m_LocalEulerAnglesHint: {x: 0, y: 0, z: 0}
--- !u!4 &4350303893837304
Transform:
  m_ObjectHideFlags: 1
  m_PrefabParentObject: {fileID: 0}
  m_PrefabInternal: {fileID: 100100000}
  m_GameObject: {fileID: 1825221348760816}
  m_LocalRotation: {x: -0.016547766, y: -0.060224455, z: -0.004581147, w: 0.99803716}
  m_LocalPosition: {x: -0.033729076, y: 0, z: 0.00000017881393}
  m_LocalScale: {x: 1, y: 0.9999998, z: 0.99999976}
  m_Children:
  - {fileID: 4602869771213008}
  m_Father: {fileID: 4387947877329462}
  m_RootOrder: 0
  m_LocalEulerAnglesHint: {x: 0, y: 0, z: 0}
--- !u!4 &4367511732282282
Transform:
  m_ObjectHideFlags: 1
  m_PrefabParentObject: {fileID: 0}
  m_PrefabInternal: {fileID: 100100000}
  m_GameObject: {fileID: 1921625020225646}
  m_LocalRotation: {x: 0.03171004, y: 0.70572895, z: 0.70694995, w: -0.034101263}
  m_LocalPosition: {x: -0.046173275, y: 0.058013245, z: 0.016100526}
  m_LocalScale: {x: 1.0000001, y: 0.99999994, z: 1}
  m_Children:
  - {fileID: 4392602630539224}
  m_Father: {fileID: 4111015794917492}
  m_RootOrder: 0
  m_LocalEulerAnglesHint: {x: 0, y: 0, z: 0}
--- !u!4 &4375187963553854
Transform:
  m_ObjectHideFlags: 1
  m_PrefabParentObject: {fileID: 0}
  m_PrefabInternal: {fileID: 100100000}
  m_GameObject: {fileID: 1337843024091244}
  m_LocalRotation: {x: 0.001530711, y: 0.015226074, z: 0.005036066, w: 0.99987024}
  m_LocalPosition: {x: -0.06577611, y: -9.313226e-10, z: 0}
  m_LocalScale: {x: 1.0000002, y: 1.0000001, z: 1}
  m_Children:
  - {fileID: 4656555535308008}
  - {fileID: 4375624579006096}
  - {fileID: 4595314557675872}
  - {fileID: 4384998453145460}
  - {fileID: 4666961450371542}
  - {fileID: 4202911741825390}
  - {fileID: 4728079849523860}
  - {fileID: 4523407778588690}
  - {fileID: 4382766747114430}
  - {fileID: 4492100411210990}
  - {fileID: 4703287590082362}
  m_Father: {fileID: 4933434182884106}
  m_RootOrder: 0
  m_LocalEulerAnglesHint: {x: 0, y: 0, z: 0}
--- !u!4 &4375624579006096
Transform:
  m_ObjectHideFlags: 1
  m_PrefabParentObject: {fileID: 0}
  m_PrefabInternal: {fileID: 100100000}
  m_GameObject: {fileID: 1772086854716088}
  m_LocalRotation: {x: 0.52173275, y: -0.47583634, z: 0.47683153, w: 0.5234562}
  m_LocalPosition: {x: -0.099707365, y: -0.07901977, z: -0.123485446}
  m_LocalScale: {x: 1, y: 0.9999995, z: 0.99999976}
  m_Children: []
  m_Father: {fileID: 4375187963553854}
  m_RootOrder: 1
  m_LocalEulerAnglesHint: {x: 0, y: 0, z: 0}
--- !u!4 &4382766747114430
Transform:
  m_ObjectHideFlags: 1
  m_PrefabParentObject: {fileID: 0}
  m_PrefabInternal: {fileID: 100100000}
  m_GameObject: {fileID: 1422944972121080}
  m_LocalRotation: {x: 0.4076201, y: -0.5766031, z: 0.5779439, w: 0.40909114}
  m_LocalPosition: {x: -0.06415534, y: -0.00041536056, z: -0.0254265}
  m_LocalScale: {x: 0.99999976, y: 1.0000002, z: 0.99999976}
  m_Children: []
  m_Father: {fileID: 4375187963553854}
  m_RootOrder: 8
  m_LocalEulerAnglesHint: {x: 0, y: 0, z: 0}
--- !u!4 &4384998453145460
Transform:
  m_ObjectHideFlags: 1
  m_PrefabParentObject: {fileID: 0}
  m_PrefabInternal: {fileID: 100100000}
  m_GameObject: {fileID: 1021840041232128}
  m_LocalRotation: {x: 0.43100542, y: -0.37771034, z: 0.5601851, w: 0.598132}
  m_LocalPosition: {x: -0.19689333, y: -0.058720574, z: -0.11604202}
  m_LocalScale: {x: 0.9999999, y: 0.9999999, z: 0.9999997}
  m_Children: []
  m_Father: {fileID: 4375187963553854}
  m_RootOrder: 3
  m_LocalEulerAnglesHint: {x: 0, y: 0, z: 0}
--- !u!4 &4387947877329462
Transform:
  m_ObjectHideFlags: 1
  m_PrefabParentObject: {fileID: 0}
  m_PrefabInternal: {fileID: 100100000}
  m_GameObject: {fileID: 1813553337657134}
  m_LocalRotation: {x: -0.59574014, y: -0.09553836, z: 0.10876702, w: 0.79002273}
  m_LocalPosition: {x: -0.063340425, y: -0.016037047, z: 0.0109966695}
  m_LocalScale: {x: 1.0000001, y: 0.99999994, z: 1.0000002}
  m_Children:
  - {fileID: 4350303893837304}
  m_Father: {fileID: 4173289025765872}
  m_RootOrder: 0
  m_LocalEulerAnglesHint: {x: 0, y: 0, z: 0}
--- !u!4 &4392602630539224
Transform:
  m_ObjectHideFlags: 1
  m_PrefabParentObject: {fileID: 0}
  m_PrefabInternal: {fileID: 100100000}
  m_GameObject: {fileID: 1840684615922320}
  m_LocalRotation: {x: 0.00000052071346, y: -0.00000013192479, z: -0.09001861, w: 0.9959401}
  m_LocalPosition: {x: -0.383294, y: 0.000000007450581, z: 0}
  m_LocalScale: {x: 1.0000001, y: 1.0000001, z: 1}
  m_Children:
  - {fileID: 4479633810496036}
  m_Father: {fileID: 4367511732282282}
  m_RootOrder: 0
  m_LocalEulerAnglesHint: {x: 0, y: 0, z: 0}
--- !u!4 &4438241612791464
Transform:
  m_ObjectHideFlags: 1
  m_PrefabParentObject: {fileID: 0}
  m_PrefabInternal: {fileID: 100100000}
  m_GameObject: {fileID: 1678787467653004}
  m_LocalRotation: {x: 0.015890837, y: -0.007904375, z: -0.05932416, w: 0.99808097}
  m_LocalPosition: {x: -0.026326925, y: 0, z: -0.0000001937151}
  m_LocalScale: {x: 1.0000001, y: 1.0000002, z: 1.0000001}
  m_Children:
  - {fileID: 4005679952191728}
  m_Father: {fileID: 4584086277819160}
  m_RootOrder: 0
  m_LocalEulerAnglesHint: {x: 0, y: 0, z: 0}
--- !u!4 &4479633810496036
Transform:
  m_ObjectHideFlags: 1
  m_PrefabParentObject: {fileID: 0}
  m_PrefabInternal: {fileID: 100100000}
  m_GameObject: {fileID: 1860015246667594}
  m_LocalRotation: {x: 0.00000033215255, y: -0.00000010464615, z: 0.48671404, w: 0.8735614}
  m_LocalPosition: {x: -0.3565308, y: 0.000000035390258, z: 0.000000029802322}
  m_LocalScale: {x: 0.9999998, y: 1, z: 1}
  m_Children:
  - {fileID: 4775077385807112}
  m_Father: {fileID: 4392602630539224}
  m_RootOrder: 0
  m_LocalEulerAnglesHint: {x: 0, y: 0, z: 0}
--- !u!4 &4489434761904402
Transform:
  m_ObjectHideFlags: 1
  m_PrefabParentObject: {fileID: 0}
  m_PrefabInternal: {fileID: 100100000}
  m_GameObject: {fileID: 1940433400652344}
  m_LocalRotation: {x: 0.66887474, y: -0.153154, z: -0.057235036, w: 0.7251721}
  m_LocalPosition: {x: -0.06094247, y: 0.005939901, z: -0.018787265}
  m_LocalScale: {x: 1.0000002, y: 1.0000001, z: 1}
  m_Children:
  - {fileID: 4773943069355666}
  m_Father: {fileID: 4170384435744774}
  m_RootOrder: 3
  m_LocalEulerAnglesHint: {x: 0, y: 0, z: 0}
--- !u!4 &4492100411210990
Transform:
  m_ObjectHideFlags: 1
  m_PrefabParentObject: {fileID: 0}
  m_PrefabInternal: {fileID: 100100000}
  m_GameObject: {fileID: 1429571755789626}
  m_LocalRotation: {x: -0.5234568, y: -0.47683105, z: -0.4758369, w: 0.5217322}
  m_LocalPosition: {x: -0.05683887, y: 0.053050265, z: -0.13008595}
  m_LocalScale: {x: 1.0000001, y: 0.99999976, z: 0.99999976}
  m_Children: []
  m_Father: {fileID: 4375187963553854}
  m_RootOrder: 9
  m_LocalEulerAnglesHint: {x: 0, y: 0, z: 0}
--- !u!4 &4516888248001344
Transform:
  m_ObjectHideFlags: 1
  m_PrefabParentObject: {fileID: 0}
  m_PrefabInternal: {fileID: 100100000}
  m_GameObject: {fileID: 1328275149411736}
  m_LocalRotation: {x: 0.83357227, y: -0.5108959, z: -0.15425862, w: -0.14264254}
  m_LocalPosition: {x: -0.13644254, y: 0.01917015, z: -0.048895583}
  m_LocalScale: {x: 0.99999964, y: 0.99999976, z: 0.99999976}
  m_Children:
  - {fileID: 4987681296776464}
  m_Father: {fileID: 4700413267580280}
  m_RootOrder: 0
  m_LocalEulerAnglesHint: {x: 0, y: 0, z: 0}
--- !u!4 &4523407778588690
Transform:
  m_ObjectHideFlags: 1
  m_PrefabParentObject: {fileID: 0}
  m_PrefabInternal: {fileID: 100100000}
  m_GameObject: {fileID: 1306107466631602}
  m_LocalRotation: {x: 0.51223993, y: -0.48604056, z: 0.4870682, w: 0.5139449}
  m_LocalPosition: {x: -0.13434064, y: -0.05683965, z: -0.07054114}
  m_LocalScale: {x: 0.99999994, y: 0.99999964, z: 0.99999976}
  m_Children: []
  m_Father: {fileID: 4375187963553854}
  m_RootOrder: 7
  m_LocalEulerAnglesHint: {x: 0, y: 0, z: 0}
--- !u!4 &4525755945791964
Transform:
  m_ObjectHideFlags: 1
  m_PrefabParentObject: {fileID: 0}
  m_PrefabInternal: {fileID: 100100000}
  m_GameObject: {fileID: 1442686027861796}
  m_LocalRotation: {x: 0.016547639, y: -0.06022504, z: 0.0045809103, w: 0.99803716}
  m_LocalPosition: {x: -0.033729076, y: 0, z: 0}
  m_LocalScale: {x: 1, y: 1, z: 1}
  m_Children:
  - {fileID: 4258532924004984}
  m_Father: {fileID: 4308924918364172}
  m_RootOrder: 0
  m_LocalEulerAnglesHint: {x: 0, y: 0, z: 0}
--- !u!4 &4553347756735592
Transform:
  m_ObjectHideFlags: 1
  m_PrefabParentObject: {fileID: 0}
  m_PrefabInternal: {fileID: 100100000}
  m_GameObject: {fileID: 1493521556530672}
  m_LocalRotation: {x: -0.00000062261154, y: 0.0000011963881, z: -0.30082414, w: 0.9536796}
  m_LocalPosition: {x: -0.15638101, y: -0.000000022351742, z: 0}
  m_LocalScale: {x: 1, y: 1.0000001, z: 1}
  m_Children: []
  m_Father: {fileID: 4330502954757702}
  m_RootOrder: 0
  m_LocalEulerAnglesHint: {x: 0, y: 0, z: 0}
--- !u!4 &4584086277819160
Transform:
  m_ObjectHideFlags: 1
  m_PrefabParentObject: {fileID: 0}
  m_PrefabInternal: {fileID: 100100000}
  m_GameObject: {fileID: 1541913836616530}
  m_LocalRotation: {x: 0.063972495, y: -0.11760162, z: -0.059218887, w: 0.98922724}
  m_LocalPosition: {x: -0.025785536, y: 0, z: 0.00000011920929}
  m_LocalScale: {x: 1, y: 1.0000001, z: 1.0000002}
  m_Children:
  - {fileID: 4438241612791464}
  m_Father: {fileID: 4190829078656914}
  m_RootOrder: 0
  m_LocalEulerAnglesHint: {x: 0, y: 0, z: 0}
--- !u!4 &4587483032708372
Transform:
  m_ObjectHideFlags: 1
  m_PrefabParentObject: {fileID: 0}
  m_PrefabInternal: {fileID: 100100000}
  m_GameObject: {fileID: 1510105324611402}
  m_LocalRotation: {x: 0.018300697, y: -0.07942423, z: -0.0037025874, w: 0.9966661}
  m_LocalPosition: {x: -0.037747502, y: 0.000000007450581, z: 0}
  m_LocalScale: {x: 1, y: 1.0000001, z: 1}
  m_Children:
  - {fileID: 4213969053624980}
  m_Father: {fileID: 4231915196281040}
  m_RootOrder: 0
  m_LocalEulerAnglesHint: {x: 0, y: 0, z: 0}
--- !u!4 &4593968064484446
Transform:
  m_ObjectHideFlags: 1
  m_PrefabParentObject: {fileID: 0}
  m_PrefabInternal: {fileID: 100100000}
  m_GameObject: {fileID: 1058942911942462}
  m_LocalRotation: {x: 0.09639091, y: 0.18531214, z: -0.2843687, w: 0.935683}
  m_LocalPosition: {x: -0.014959484, y: 0.017923236, z: 0.016186595}
  m_LocalScale: {x: 1, y: 1.0000001, z: 1.0000001}
  m_Children:
  - {fileID: 4986931807617644}
  m_Father: {fileID: 4170384435744774}
  m_RootOrder: 4
  m_LocalEulerAnglesHint: {x: 0, y: 0, z: 0}
--- !u!4 &4595314557675872
Transform:
  m_ObjectHideFlags: 1
  m_PrefabParentObject: {fileID: 0}
  m_PrefabInternal: {fileID: 100100000}
  m_GameObject: {fileID: 1172221120020180}
  m_LocalRotation: {x: -0.4328757, y: -0.37898922, z: -0.5595049, w: 0.5966071}
  m_LocalPosition: {x: -0.196823, y: 0.0582141, z: -0.11636362}
  m_LocalScale: {x: 0.9999998, y: 0.9999999, z: 0.9999996}
  m_Children: []
  m_Father: {fileID: 4375187963553854}
  m_RootOrder: 2
  m_LocalEulerAnglesHint: {x: 0, y: 0, z: 0}
--- !u!4 &4602869771213008
Transform:
  m_ObjectHideFlags: 1
  m_PrefabParentObject: {fileID: 0}
  m_PrefabInternal: {fileID: 100100000}
  m_GameObject: {fileID: 1173143125867300}
  m_LocalRotation: {x: 0.000040225295, y: 0.011791902, z: -0.00037733236, w: 0.99993044}
  m_LocalPosition: {x: -0.03387171, y: -0.000000040978193, z: -0.00000017881393}
  m_LocalScale: {x: 1, y: 1.0000001, z: 1.0000002}
  m_Children: []
  m_Father: {fileID: 4350303893837304}
  m_RootOrder: 0
  m_LocalEulerAnglesHint: {x: 0, y: 0, z: 0}
--- !u!4 &4634742523105696
Transform:
  m_ObjectHideFlags: 1
  m_PrefabParentObject: {fileID: 0}
  m_PrefabInternal: {fileID: 100100000}
  m_GameObject: {fileID: 1880213335069376}
  m_LocalRotation: {x: -0.5909976, y: -0.11393109, z: 0.055005476, w: 0.79669064}
  m_LocalPosition: {x: -0.062224865, y: -0.010591626, z: -0.0043317676}
  m_LocalScale: {x: 1.0000004, y: 1.0000002, z: 1.0000002}
  m_Children:
  - {fileID: 4275176210410338}
  m_Father: {fileID: 4173289025765872}
  m_RootOrder: 1
  m_LocalEulerAnglesHint: {x: 0, y: 0, z: 0}
--- !u!4 &4641181862416982
Transform:
  m_ObjectHideFlags: 1
  m_PrefabParentObject: {fileID: 0}
  m_PrefabInternal: {fileID: 100100000}
  m_GameObject: {fileID: 1823011846726610}
  m_LocalRotation: {x: 0.5861187, y: -0.16656643, z: -0.052058183, w: 0.79120827}
  m_LocalPosition: {x: -0.05284822, y: 0.0061017275, z: -0.03363663}
  m_LocalScale: {x: 1.0000004, y: 1, z: 0.99999994}
  m_Children:
  - {fileID: 4681060764639762}
  m_Father: {fileID: 4170384435744774}
  m_RootOrder: 2
  m_LocalEulerAnglesHint: {x: 0, y: 0, z: 0}
--- !u!4 &4654858966214438
Transform:
  m_ObjectHideFlags: 1
  m_PrefabParentObject: {fileID: 0}
  m_PrefabInternal: {fileID: 100100000}
  m_GameObject: {fileID: 1219921241936524}
  m_LocalRotation: {x: 0.83459795, y: 0.5082338, z: -0.15593442, w: 0.14432327}
  m_LocalPosition: {x: -0.13654578, y: -0.01876279, z: -0.04879999}
  m_LocalScale: {x: 0.9999996, y: 0.99999976, z: 0.99999976}
  m_Children:
  - {fileID: 4697289754993062}
  m_Father: {fileID: 4700413267580280}
  m_RootOrder: 2
  m_LocalEulerAnglesHint: {x: 0, y: 0, z: 0}
--- !u!4 &4656555535308008
Transform:
  m_ObjectHideFlags: 1
  m_PrefabParentObject: {fileID: 0}
  m_PrefabInternal: {fileID: 100100000}
  m_GameObject: {fileID: 1857879696874872}
  m_LocalRotation: {x: -0.52345645, y: -0.47683132, z: -0.4758366, w: 0.52173245}
  m_LocalPosition: {x: -0.099612474, y: 0.07835484, z: -0.12391817}
  m_LocalScale: {x: 0.99999994, y: 0.9999999, z: 0.99999976}
  m_Children: []
  m_Father: {fileID: 4375187963553854}
  m_RootOrder: 0
  m_LocalEulerAnglesHint: {x: 0, y: 0, z: 0}
--- !u!4 &4666194456700432
Transform:
  m_ObjectHideFlags: 1
  m_PrefabParentObject: {fileID: 0}
  m_PrefabInternal: {fileID: 100100000}
  m_GameObject: {fileID: 1562079827559358}
  m_LocalRotation: {x: -0.0000014423792, y: 0.007284305, z: -0.0000004216381, w: 0.9999735}
  m_LocalPosition: {x: -0.025596768, y: 0.00000023841858, z: -0.00000031292439}
  m_LocalScale: {x: 1.0000001, y: 1.0000002, z: 1.0000001}
  m_Children: []
  m_Father: {fileID: 4084912075637234}
  m_RootOrder: 0
  m_LocalEulerAnglesHint: {x: 0, y: 0, z: 0}
--- !u!4 &4666961450371542
Transform:
  m_ObjectHideFlags: 1
  m_PrefabParentObject: {fileID: 0}
  m_PrefabInternal: {fileID: 100100000}
  m_GameObject: {fileID: 1481665969282800}
  m_LocalRotation: {x: 0.5122397, y: -0.4860408, z: 0.48706803, w: 0.5139451}
  m_LocalPosition: {x: -0.13427246, y: 0.05626973, z: -0.07085216}
  m_LocalScale: {x: 0.9999998, y: 0.9999997, z: 0.99999976}
  m_Children: []
  m_Father: {fileID: 4375187963553854}
  m_RootOrder: 4
  m_LocalEulerAnglesHint: {x: 0, y: 0, z: 0}
--- !u!4 &4681060764639762
Transform:
  m_ObjectHideFlags: 1
  m_PrefabParentObject: {fileID: 0}
  m_PrefabInternal: {fileID: 100100000}
  m_GameObject: {fileID: 1267070682903304}
  m_LocalRotation: {x: 0.023547087, y: -0.023284819, z: -0.03361747, w: 0.998886}
  m_LocalPosition: {x: -0.03311786, y: 0.000000014901161, z: 0}
  m_LocalScale: {x: 1, y: 1, z: 1.0000001}
  m_Children:
  - {fileID: 4032980031419840}
  m_Father: {fileID: 4641181862416982}
  m_RootOrder: 0
  m_LocalEulerAnglesHint: {x: 0, y: 0, z: 0}
--- !u!4 &4697289754993062
Transform:
  m_ObjectHideFlags: 1
  m_PrefabParentObject: {fileID: 0}
  m_PrefabInternal: {fileID: 100100000}
  m_GameObject: {fileID: 1100057835057092}
  m_LocalRotation: {x: -0.13327032, y: 0.17721209, z: -0.59160155, w: 0.77514035}
  m_LocalPosition: {x: -0.11038914, y: -0.00000011920929, z: 0}
  m_LocalScale: {x: 0.9999999, y: 0.99999994, z: 1}
  m_Children:
  - {fileID: 4209479363510356}
  m_Father: {fileID: 4654858966214438}
  m_RootOrder: 0
  m_LocalEulerAnglesHint: {x: 0, y: 0, z: 0}
--- !u!4 &4700413267580280
Transform:
  m_ObjectHideFlags: 1
  m_PrefabParentObject: {fileID: 0}
  m_PrefabInternal: {fileID: 100100000}
  m_GameObject: {fileID: 1555864052339710}
  m_LocalRotation: {x: 0.0029395956, y: 0.16893294, z: 0.000075966054, w: 0.9856232}
  m_LocalPosition: {x: -0.096229196, y: 0, z: 0.000000029802322}
  m_LocalScale: {x: 1, y: 1, z: 0.9999999}
  m_Children:
  - {fileID: 4516888248001344}
  - {fileID: 4933434182884106}
  - {fileID: 4654858966214438}
  m_Father: {fileID: 4780553175798348}
  m_RootOrder: 0
  m_LocalEulerAnglesHint: {x: 0, y: 0, z: 0}
--- !u!4 &4703287590082362
Transform:
  m_ObjectHideFlags: 1
  m_PrefabParentObject: {fileID: 0}
  m_PrefabInternal: {fileID: 100100000}
  m_GameObject: {fileID: 1223147490691080}
  m_LocalRotation: {x: 0.52173275, y: -0.47583634, z: 0.47683153, w: 0.5234562}
  m_LocalPosition: {x: -0.056903243, y: -0.053801067, z: -0.12979208}
  m_LocalScale: {x: 1, y: 0.9999995, z: 0.99999976}
  m_Children: []
  m_Father: {fileID: 4375187963553854}
  m_RootOrder: 10
  m_LocalEulerAnglesHint: {x: 0, y: 0, z: 0}
--- !u!4 &4711302204337928
Transform:
  m_ObjectHideFlags: 1
  m_PrefabParentObject: {fileID: 0}
  m_PrefabInternal: {fileID: 100100000}
  m_GameObject: {fileID: 1616231437940976}
  m_LocalRotation: {x: 0.0007234049, y: -0.0378134, z: 0.00035654518, w: 0.9992845}
  m_LocalPosition: {x: -0.030893743, y: 0.000000014901161, z: 0}
  m_LocalScale: {x: 1, y: 1, z: 0.9999999}
  m_Children: []
  m_Father: {fileID: 4773943069355666}
  m_RootOrder: 0
  m_LocalEulerAnglesHint: {x: 0, y: 0, z: 0}
--- !u!4 &4728079849523860
Transform:
  m_ObjectHideFlags: 1
  m_PrefabParentObject: {fileID: 0}
  m_PrefabInternal: {fileID: 100100000}
  m_GameObject: {fileID: 1279022360437570}
  m_LocalRotation: {x: 0.5998035, y: -0.29257116, z: 0.37312666, w: 0.6445265}
  m_LocalPosition: {x: -0.13214493, y: -0.05684463, z: -0.07187116}
  m_LocalScale: {x: 1.0000002, y: 1, z: 0.9999999}
  m_Children: []
  m_Father: {fileID: 4375187963553854}
  m_RootOrder: 6
  m_LocalEulerAnglesHint: {x: 0, y: 0, z: 0}
--- !u!4 &4773943069355666
Transform:
  m_ObjectHideFlags: 1
  m_PrefabParentObject: {fileID: 0}
  m_PrefabInternal: {fileID: 100100000}
  m_GameObject: {fileID: 1432648454787798}
  m_LocalRotation: {x: 0.015538201, y: -0.029286863, z: 0.009462047, w: 0.9994055}
  m_LocalPosition: {x: -0.03794661, y: 0, z: 0}
  m_LocalScale: {x: 0.9999999, y: 0.99999994, z: 1.0000001}
  m_Children:
  - {fileID: 4711302204337928}
  m_Father: {fileID: 4489434761904402}
  m_RootOrder: 0
  m_LocalEulerAnglesHint: {x: 0, y: 0, z: 0}
--- !u!4 &4775077385807112
Transform:
  m_ObjectHideFlags: 1
  m_PrefabParentObject: {fileID: 0}
  m_PrefabInternal: {fileID: 100100000}
  m_GameObject: {fileID: 1160074041720812}
  m_LocalRotation: {x: 0.0000004770962, y: 0.0000008987556, z: 0.30082414, w: 0.9536796}
  m_LocalPosition: {x: -0.156381, y: 0.000000044703484, z: -0.000000026077032}
  m_LocalScale: {x: 1, y: 1, z: 0.99999994}
  m_Children: []
  m_Father: {fileID: 4479633810496036}
  m_RootOrder: 0
  m_LocalEulerAnglesHint: {x: 0, y: 0, z: 0}
--- !u!4 &4780553175798348
Transform:
  m_ObjectHideFlags: 1
  m_PrefabParentObject: {fileID: 0}
  m_PrefabInternal: {fileID: 100100000}
  m_GameObject: {fileID: 1779410336336138}
  m_LocalRotation: {x: -0.00027973525, y: -0.12430382, z: 0.0026369863, w: 0.99224067}
  m_LocalPosition: {x: -0.12391907, y: 0.00000010849908, z: 0.041922517}
  m_LocalScale: {x: 1, y: 1.0000004, z: 1.0000001}
  m_Children:
  - {fileID: 4700413267580280}
  m_Father: {fileID: 4111015794917492}
  m_RootOrder: 2
  m_LocalEulerAnglesHint: {x: 0, y: 0, z: 0}
--- !u!4 &4853807544184928
Transform:
  m_ObjectHideFlags: 1
  m_PrefabParentObject: {fileID: 0}
  m_PrefabInternal: {fileID: 100100000}
  m_GameObject: {fileID: 1276002856961636}
  m_LocalRotation: {x: -0.0007231815, y: -0.03781343, z: -0.00035659826, w: 0.9992845}
  m_LocalPosition: {x: -0.030893594, y: -0.000000037252903, z: 0}
  m_LocalScale: {x: 1, y: 0.9999999, z: 1}
  m_Children: []
  m_Father: {fileID: 4030470001354142}
  m_RootOrder: 0
  m_LocalEulerAnglesHint: {x: 0, y: 0, z: 0}
--- !u!4 &4929113332243702
Transform:
  m_ObjectHideFlags: 1
  m_PrefabParentObject: {fileID: 0}
  m_PrefabInternal: {fileID: 100100000}
  m_GameObject: {fileID: 1142511420973818}
  m_LocalRotation: {x: -0.034101028, y: 0.70694923, z: -0.70572966, w: -0.031710185}
  m_LocalPosition: {x: -0.04579079, y: -0.057985913, z: 0.015882254}
  m_LocalScale: {x: 0.99999994, y: 0.9999998, z: 1}
  m_Children:
  - {fileID: 4157107988985614}
  m_Father: {fileID: 4111015794917492}
  m_RootOrder: 1
  m_LocalEulerAnglesHint: {x: 0, y: 0, z: 0}
--- !u!4 &4933434182884106
Transform:
  m_ObjectHideFlags: 1
  m_PrefabParentObject: {fileID: 0}
  m_PrefabInternal: {fileID: 100100000}
  m_GameObject: {fileID: 1039745164789330}
  m_LocalRotation: {x: -0.0011147623, y: -0.10661163, z: -0.005968708, w: 0.9942822}
  m_LocalPosition: {x: -0.22680986, y: 0, z: 0}
  m_LocalScale: {x: 1, y: 0.99999994, z: 0.99999994}
  m_Children:
  - {fileID: 4375187963553854}
  m_Father: {fileID: 4700413267580280}
  m_RootOrder: 1
  m_LocalEulerAnglesHint: {x: 0, y: 0, z: 0}
--- !u!4 &4974825844481416
Transform:
  m_ObjectHideFlags: 1
  m_PrefabParentObject: {fileID: 0}
  m_PrefabInternal: {fileID: 100100000}
  m_GameObject: {fileID: 1803959205588180}
  m_LocalRotation: {x: -0.000000050291412, y: 0.7071068, z: 0.70710677, w: 0.000000044703476}
  m_LocalPosition: {x: -0.00009619631, y: 0.0802689, z: 0.05526641}
  m_LocalScale: {x: 0.99999976, y: 1.0000008, z: 1.0000006}
  m_Children:
  - {fileID: 4111015794917492}
  m_Father: {fileID: 0}
  m_RootOrder: 0
  m_LocalEulerAnglesHint: {x: 0, y: 0, z: 0}
--- !u!4 &4986931807617644
Transform:
  m_ObjectHideFlags: 1
  m_PrefabParentObject: {fileID: 0}
  m_PrefabInternal: {fileID: 100100000}
  m_GameObject: {fileID: 1376845079015366}
  m_LocalRotation: {x: -0.063972384, y: -0.1176013, z: 0.05921885, w: 0.9892273}
  m_LocalPosition: {x: -0.025785446, y: 0, z: -0.000000029802322}
  m_LocalScale: {x: 0.9999999, y: 0.9999999, z: 0.9999999}
  m_Children:
  - {fileID: 4084912075637234}
  m_Father: {fileID: 4593968064484446}
  m_RootOrder: 0
  m_LocalEulerAnglesHint: {x: 0, y: 0, z: 0}
--- !u!4 &4987681296776464
Transform:
  m_ObjectHideFlags: 1
  m_PrefabParentObject: {fileID: 0}
  m_PrefabInternal: {fileID: 100100000}
  m_GameObject: {fileID: 1290055724699946}
  m_LocalRotation: {x: 0.13327007, y: 0.17721218, z: 0.5916016, w: 0.7751403}
  m_LocalPosition: {x: -0.110389024, y: -0.00000023841858, z: 0.00000011920929}
  m_LocalScale: {x: 1.0000002, y: 1.0000002, z: 1.0000002}
  m_Children:
  - {fileID: 4052813284588106}
  m_Father: {fileID: 4516888248001344}
  m_RootOrder: 0
  m_LocalEulerAnglesHint: {x: 0, y: 0, z: 0}
--- !u!137 &137610570184717662
SkinnedMeshRenderer:
  m_ObjectHideFlags: 1
  m_PrefabParentObject: {fileID: 0}
  m_PrefabInternal: {fileID: 100100000}
  m_GameObject: {fileID: 1803959205588180}
  m_Enabled: 1
  m_CastShadows: 1
  m_ReceiveShadows: 1
  m_DynamicOccludee: 1
  m_MotionVectors: 1
  m_LightProbeUsage: 1
  m_ReflectionProbeUsage: 1
  m_Materials:
  - {fileID: 2100000, guid: fc0e7e17965a3e54b98b875282de5ec8, type: 2}
  m_StaticBatchInfo:
    firstSubMesh: 0
    subMeshCount: 0
  m_StaticBatchRoot: {fileID: 0}
  m_ProbeAnchor: {fileID: 0}
  m_LightProbeVolumeOverride: {fileID: 0}
  m_ScaleInLightmap: 1
  m_PreserveUVs: 0
  m_IgnoreNormalsForChartDetection: 0
  m_ImportantGI: 0
  m_StitchLightmapSeams: 0
  m_SelectedEditorRenderState: 3
  m_MinimumChartSize: 4
  m_AutoUVMaxDistance: 0.5
  m_AutoUVMaxAngle: 89
  m_LightmapParameters: {fileID: 0}
  m_SortingLayerID: 0
  m_SortingLayer: 0
  m_SortingOrder: 0
  serializedVersion: 2
  m_Quality: 0
  m_UpdateWhenOffscreen: 0
  m_SkinnedMotionVectors: 1
  m_Mesh: {fileID: 4300034, guid: 789930eedf826ae45a21ba60798ff86d, type: 3}
  m_Bones:
  - {fileID: 4775077385807112}
  - {fileID: 4111015794917492}
  - {fileID: 4479633810496036}
  - {fileID: 4392602630539224}
  - {fileID: 4553347756735592}
  - {fileID: 4330502954757702}
  - {fileID: 4157107988985614}
  m_BlendShapeWeights: []
  m_RootBone: {fileID: 4111015794917492}
  m_AABB:
    m_Center: {x: 0.49708405, y: -0.18213603, z: -0.18520056}
    m_Extent: {x: 0.40910885, y: 0.52213526, z: 0.65189415}
  m_DirtyAABB: 0
