%YAML 1.1
%TAG !u! tag:unity3d.com,2011:
--- !u!1001 &100100000
Prefab:
  m_ObjectHideFlags: 1
  serializedVersion: 2
  m_Modification:
    m_TransformParent: {fileID: 0}
    m_Modifications: []
    m_RemovedComponents: []
  m_ParentPrefab: {fileID: 0}
  m_RootGameObject: {fileID: 1854289838349036}
  m_IsPrefabParent: 1
--- !u!1 &1023740698884178
GameObject:
  m_ObjectHideFlags: 1
  m_PrefabParentObject: {fileID: 0}
  m_PrefabInternal: {fileID: 100100000}
  serializedVersion: 5
  m_Component:
  - component: {fileID: 4808674716795130}
  m_Layer: 0
  m_Name: Female_RightMiddle2
  m_TagString: Untagged
  m_Icon: {fileID: 0}
  m_NavMeshLayer: 0
  m_StaticEditorFlags: 0
  m_IsActive: 1
--- !u!1 &1033197232466102
GameObject:
  m_ObjectHideFlags: 1
  m_PrefabParentObject: {fileID: 0}
  m_PrefabInternal: {fileID: 100100000}
  serializedVersion: 5
  m_Component:
  - component: {fileID: 4806646294151884}
  m_Layer: 0
  m_Name: Female_LeftForeArm
  m_TagString: Untagged
  m_Icon: {fileID: 0}
  m_NavMeshLayer: 0
  m_StaticEditorFlags: 0
  m_IsActive: 1
--- !u!1 &1047971156065864
GameObject:
  m_ObjectHideFlags: 1
  m_PrefabParentObject: {fileID: 0}
  m_PrefabInternal: {fileID: 100100000}
  serializedVersion: 5
  m_Component:
  - component: {fileID: 4454976984058942}
  m_Layer: 0
  m_Name: Female_LeftRing2
  m_TagString: Untagged
  m_Icon: {fileID: 0}
  m_NavMeshLayer: 0
  m_StaticEditorFlags: 0
  m_IsActive: 1
--- !u!1 &1065061773639400
GameObject:
  m_ObjectHideFlags: 1
  m_PrefabParentObject: {fileID: 0}
  m_PrefabInternal: {fileID: 100100000}
  serializedVersion: 5
  m_Component:
  - component: {fileID: 4840758618099558}
  m_Layer: 0
  m_Name: Female_MouthRight
  m_TagString: Untagged
  m_Icon: {fileID: 0}
  m_NavMeshLayer: 0
  m_StaticEditorFlags: 0
  m_IsActive: 1
--- !u!1 &1084279035854644
GameObject:
  m_ObjectHideFlags: 1
  m_PrefabParentObject: {fileID: 0}
  m_PrefabInternal: {fileID: 100100000}
  serializedVersion: 5
  m_Component:
  - component: {fileID: 4429238857549210}
  m_Layer: 0
  m_Name: Female_RightThumb1
  m_TagString: Untagged
  m_Icon: {fileID: 0}
  m_NavMeshLayer: 0
  m_StaticEditorFlags: 0
  m_IsActive: 1
--- !u!1 &1090199025415738
GameObject:
  m_ObjectHideFlags: 1
  m_PrefabParentObject: {fileID: 0}
  m_PrefabInternal: {fileID: 100100000}
  serializedVersion: 5
  m_Component:
  - component: {fileID: 4414397025082662}
  m_Layer: 0
  m_Name: Female_LeftThumb4
  m_TagString: Untagged
  m_Icon: {fileID: 0}
  m_NavMeshLayer: 0
  m_StaticEditorFlags: 0
  m_IsActive: 1
--- !u!1 &1093174264131530
GameObject:
  m_ObjectHideFlags: 1
  m_PrefabParentObject: {fileID: 0}
  m_PrefabInternal: {fileID: 100100000}
  serializedVersion: 5
  m_Component:
  - component: {fileID: 4557711555192844}
  m_Layer: 0
  m_Name: Female_LeftMiddle3
  m_TagString: Untagged
  m_Icon: {fileID: 0}
  m_NavMeshLayer: 0
  m_StaticEditorFlags: 0
  m_IsActive: 1
--- !u!1 &1104508411462596
GameObject:
  m_ObjectHideFlags: 1
  m_PrefabParentObject: {fileID: 0}
  m_PrefabInternal: {fileID: 100100000}
  serializedVersion: 5
  m_Component:
  - component: {fileID: 4384224953697620}
  m_Layer: 0
  m_Name: Female_EyelidLeft
  m_TagString: Untagged
  m_Icon: {fileID: 0}
  m_NavMeshLayer: 0
  m_StaticEditorFlags: 0
  m_IsActive: 1
--- !u!1 &1164289081988910
GameObject:
  m_ObjectHideFlags: 1
  m_PrefabParentObject: {fileID: 0}
  m_PrefabInternal: {fileID: 100100000}
  serializedVersion: 5
  m_Component:
  - component: {fileID: 4182833183834826}
  m_Layer: 0
  m_Name: Female_LeftThumb3
  m_TagString: Untagged
  m_Icon: {fileID: 0}
  m_NavMeshLayer: 0
  m_StaticEditorFlags: 0
  m_IsActive: 1
--- !u!1 &1164953698097672
GameObject:
  m_ObjectHideFlags: 1
  m_PrefabParentObject: {fileID: 0}
  m_PrefabInternal: {fileID: 100100000}
  serializedVersion: 5
  m_Component:
  - component: {fileID: 4123325048526466}
  m_Layer: 0
  m_Name: Female_EyebrowLeft
  m_TagString: Untagged
  m_Icon: {fileID: 0}
  m_NavMeshLayer: 0
  m_StaticEditorFlags: 0
  m_IsActive: 1
--- !u!1 &1204550356762562
GameObject:
  m_ObjectHideFlags: 1
  m_PrefabParentObject: {fileID: 0}
  m_PrefabInternal: {fileID: 100100000}
  serializedVersion: 5
  m_Component:
  - component: {fileID: 4673280286641188}
  m_Layer: 0
  m_Name: Female_RightArm
  m_TagString: Untagged
  m_Icon: {fileID: 0}
  m_NavMeshLayer: 0
  m_StaticEditorFlags: 0
  m_IsActive: 1
--- !u!1 &1215174680697208
GameObject:
  m_ObjectHideFlags: 1
  m_PrefabParentObject: {fileID: 0}
  m_PrefabInternal: {fileID: 100100000}
  serializedVersion: 5
  m_Component:
  - component: {fileID: 4434442247124822}
  m_Layer: 0
  m_Name: Female_EyeLeft
  m_TagString: Untagged
  m_Icon: {fileID: 0}
  m_NavMeshLayer: 0
  m_StaticEditorFlags: 0
  m_IsActive: 1
--- !u!1 &1249425071276462
GameObject:
  m_ObjectHideFlags: 1
  m_PrefabParentObject: {fileID: 0}
  m_PrefabInternal: {fileID: 100100000}
  serializedVersion: 5
  m_Component:
  - component: {fileID: 4420145838404566}
  m_Layer: 0
  m_Name: Female_RightIndex2
  m_TagString: Untagged
  m_Icon: {fileID: 0}
  m_NavMeshLayer: 0
  m_StaticEditorFlags: 0
  m_IsActive: 1
--- !u!1 &1253852656976940
GameObject:
  m_ObjectHideFlags: 1
  m_PrefabParentObject: {fileID: 0}
  m_PrefabInternal: {fileID: 100100000}
  serializedVersion: 5
  m_Component:
  - component: {fileID: 4996512853275200}
  m_Layer: 0
  m_Name: Female_LeftRing3
  m_TagString: Untagged
  m_Icon: {fileID: 0}
  m_NavMeshLayer: 0
  m_StaticEditorFlags: 0
  m_IsActive: 1
--- !u!1 &1266081081947450
GameObject:
  m_ObjectHideFlags: 1
  m_PrefabParentObject: {fileID: 0}
  m_PrefabInternal: {fileID: 100100000}
  serializedVersion: 5
  m_Component:
  - component: {fileID: 4432240141321714}
  m_Layer: 0
  m_Name: Female_MouthLeft
  m_TagString: Untagged
  m_Icon: {fileID: 0}
  m_NavMeshLayer: 0
  m_StaticEditorFlags: 0
  m_IsActive: 1
--- !u!1 &1269874395180810
GameObject:
  m_ObjectHideFlags: 1
  m_PrefabParentObject: {fileID: 0}
  m_PrefabInternal: {fileID: 100100000}
  serializedVersion: 5
  m_Component:
  - component: {fileID: 4500988773710120}
  m_Layer: 0
  m_Name: Female_LeftLeg
  m_TagString: Untagged
  m_Icon: {fileID: 0}
  m_NavMeshLayer: 0
  m_StaticEditorFlags: 0
  m_IsActive: 1
--- !u!1 &1289512425204196
GameObject:
  m_ObjectHideFlags: 1
  m_PrefabParentObject: {fileID: 0}
  m_PrefabInternal: {fileID: 100100000}
  serializedVersion: 5
  m_Component:
  - component: {fileID: 4204472389521350}
  m_Layer: 0
  m_Name: Female_CheekLeft
  m_TagString: Untagged
  m_Icon: {fileID: 0}
  m_NavMeshLayer: 0
  m_StaticEditorFlags: 0
  m_IsActive: 1
--- !u!1 &1296290696117092
GameObject:
  m_ObjectHideFlags: 1
  m_PrefabParentObject: {fileID: 0}
  m_PrefabInternal: {fileID: 100100000}
  serializedVersion: 5
  m_Component:
  - component: {fileID: 4957622826857450}
  m_Layer: 0
  m_Name: Female_LeftFoot
  m_TagString: Untagged
  m_Icon: {fileID: 0}
  m_NavMeshLayer: 0
  m_StaticEditorFlags: 0
  m_IsActive: 1
--- !u!1 &1328393584021934
GameObject:
  m_ObjectHideFlags: 1
  m_PrefabParentObject: {fileID: 0}
  m_PrefabInternal: {fileID: 100100000}
  serializedVersion: 5
  m_Component:
  - component: {fileID: 4952574974530444}
  m_Layer: 0
  m_Name: Female_LeftIndex2
  m_TagString: Untagged
  m_Icon: {fileID: 0}
  m_NavMeshLayer: 0
  m_StaticEditorFlags: 0
  m_IsActive: 1
--- !u!1 &1336717491099600
GameObject:
  m_ObjectHideFlags: 1
  m_PrefabParentObject: {fileID: 0}
  m_PrefabInternal: {fileID: 100100000}
  serializedVersion: 5
  m_Component:
  - component: {fileID: 4284842256181146}
  m_Layer: 0
  m_Name: Female_RightShoulder
  m_TagString: Untagged
  m_Icon: {fileID: 0}
  m_NavMeshLayer: 0
  m_StaticEditorFlags: 0
  m_IsActive: 1
--- !u!1 &1339125299094158
GameObject:
  m_ObjectHideFlags: 1
  m_PrefabParentObject: {fileID: 0}
  m_PrefabInternal: {fileID: 100100000}
  serializedVersion: 5
  m_Component:
  - component: {fileID: 4710009387091250}
  m_Layer: 0
  m_Name: Female_RightIndex3
  m_TagString: Untagged
  m_Icon: {fileID: 0}
  m_NavMeshLayer: 0
  m_StaticEditorFlags: 0
  m_IsActive: 1
--- !u!1 &1340106447463480
GameObject:
  m_ObjectHideFlags: 1
  m_PrefabParentObject: {fileID: 0}
  m_PrefabInternal: {fileID: 100100000}
  serializedVersion: 5
  m_Component:
  - component: {fileID: 4777665989709628}
  m_Layer: 0
  m_Name: Female_RightIndex1
  m_TagString: Untagged
  m_Icon: {fileID: 0}
  m_NavMeshLayer: 0
  m_StaticEditorFlags: 0
  m_IsActive: 1
--- !u!1 &1359670776332474
GameObject:
  m_ObjectHideFlags: 1
  m_PrefabParentObject: {fileID: 0}
  m_PrefabInternal: {fileID: 100100000}
  serializedVersion: 5
  m_Component:
  - component: {fileID: 4710456463507994}
  m_Layer: 0
  m_Name: Female_RightPinky1
  m_TagString: Untagged
  m_Icon: {fileID: 0}
  m_NavMeshLayer: 0
  m_StaticEditorFlags: 0
  m_IsActive: 1
--- !u!1 &1360737938732272
GameObject:
  m_ObjectHideFlags: 1
  m_PrefabParentObject: {fileID: 0}
  m_PrefabInternal: {fileID: 100100000}
  serializedVersion: 5
  m_Component:
  - component: {fileID: 4225315263443270}
  m_Layer: 0
  m_Name: Female_LeftMiddle2
  m_TagString: Untagged
  m_Icon: {fileID: 0}
  m_NavMeshLayer: 0
  m_StaticEditorFlags: 0
  m_IsActive: 1
--- !u!1 &1370683806192072
GameObject:
  m_ObjectHideFlags: 0
  m_PrefabParentObject: {fileID: 0}
  m_PrefabInternal: {fileID: 100100000}
  serializedVersion: 5
  m_Component:
  - component: {fileID: 4240480889639128}
  m_Layer: 0
  m_Name: Female_Hips
  m_TagString: Untagged
  m_Icon: {fileID: 0}
  m_NavMeshLayer: 0
  m_StaticEditorFlags: 0
  m_IsActive: 1
--- !u!1 &1401827062378002
GameObject:
  m_ObjectHideFlags: 1
  m_PrefabParentObject: {fileID: 0}
  m_PrefabInternal: {fileID: 100100000}
  serializedVersion: 5
  m_Component:
  - component: {fileID: 4812552962113958}
  m_Layer: 0
  m_Name: Female_LeftHand
  m_TagString: Untagged
  m_Icon: {fileID: 0}
  m_NavMeshLayer: 0
  m_StaticEditorFlags: 0
  m_IsActive: 1
--- !u!1 &1420446529361542
GameObject:
  m_ObjectHideFlags: 1
  m_PrefabParentObject: {fileID: 0}
  m_PrefabInternal: {fileID: 100100000}
  serializedVersion: 5
  m_Component:
  - component: {fileID: 4851910245253320}
  m_Layer: 0
  m_Name: Female_LeftIndex1
  m_TagString: Untagged
  m_Icon: {fileID: 0}
  m_NavMeshLayer: 0
  m_StaticEditorFlags: 0
  m_IsActive: 1
--- !u!1 &1435187058065186
GameObject:
  m_ObjectHideFlags: 1
  m_PrefabParentObject: {fileID: 0}
  m_PrefabInternal: {fileID: 100100000}
  serializedVersion: 5
  m_Component:
  - component: {fileID: 4033069952987308}
  m_Layer: 0
  m_Name: Female_RightLeg
  m_TagString: Untagged
  m_Icon: {fileID: 0}
  m_NavMeshLayer: 0
  m_StaticEditorFlags: 0
  m_IsActive: 1
--- !u!1 &1440200681930040
GameObject:
  m_ObjectHideFlags: 1
  m_PrefabParentObject: {fileID: 0}
  m_PrefabInternal: {fileID: 100100000}
  serializedVersion: 5
  m_Component:
  - component: {fileID: 4569798049736440}
  m_Layer: 0
  m_Name: Female_LeftRing1
  m_TagString: Untagged
  m_Icon: {fileID: 0}
  m_NavMeshLayer: 0
  m_StaticEditorFlags: 0
  m_IsActive: 1
--- !u!1 &1452383877587598
GameObject:
  m_ObjectHideFlags: 1
  m_PrefabParentObject: {fileID: 0}
  m_PrefabInternal: {fileID: 100100000}
  serializedVersion: 5
  m_Component:
  - component: {fileID: 4102295497624372}
  m_Layer: 0
  m_Name: Female_EyeRight
  m_TagString: Untagged
  m_Icon: {fileID: 0}
  m_NavMeshLayer: 0
  m_StaticEditorFlags: 0
  m_IsActive: 1
--- !u!1 &1454273952926860
GameObject:
  m_ObjectHideFlags: 1
  m_PrefabParentObject: {fileID: 0}
  m_PrefabInternal: {fileID: 100100000}
  serializedVersion: 5
  m_Component:
  - component: {fileID: 4179679248200422}
  m_Layer: 0
  m_Name: Female_RightUpLeg
  m_TagString: Untagged
  m_Icon: {fileID: 0}
  m_NavMeshLayer: 0
  m_StaticEditorFlags: 0
  m_IsActive: 1
--- !u!1 &1470045024237436
GameObject:
  m_ObjectHideFlags: 1
  m_PrefabParentObject: {fileID: 0}
  m_PrefabInternal: {fileID: 100100000}
  serializedVersion: 5
  m_Component:
  - component: {fileID: 4018525081583264}
  m_Layer: 0
  m_Name: Female_RightForeArm
  m_TagString: Untagged
  m_Icon: {fileID: 0}
  m_NavMeshLayer: 0
  m_StaticEditorFlags: 0
  m_IsActive: 1
--- !u!1 &1492726766306952
GameObject:
  m_ObjectHideFlags: 1
  m_PrefabParentObject: {fileID: 0}
  m_PrefabInternal: {fileID: 100100000}
  serializedVersion: 5
  m_Component:
  - component: {fileID: 4589084563074464}
  m_Layer: 0
  m_Name: Female_LeftArm
  m_TagString: Untagged
  m_Icon: {fileID: 0}
  m_NavMeshLayer: 0
  m_StaticEditorFlags: 0
  m_IsActive: 1
--- !u!1 &1511235647609778
GameObject:
  m_ObjectHideFlags: 1
  m_PrefabParentObject: {fileID: 0}
  m_PrefabInternal: {fileID: 100100000}
  serializedVersion: 5
  m_Component:
  - component: {fileID: 4313109529943640}
  m_Layer: 0
  m_Name: Female_Neck
  m_TagString: Untagged
  m_Icon: {fileID: 0}
  m_NavMeshLayer: 0
  m_StaticEditorFlags: 0
  m_IsActive: 1
--- !u!1 &1526324107916770
GameObject:
  m_ObjectHideFlags: 1
  m_PrefabParentObject: {fileID: 0}
  m_PrefabInternal: {fileID: 100100000}
  serializedVersion: 5
  m_Component:
  - component: {fileID: 4409553971845738}
  m_Layer: 0
  m_Name: Female_RightMiddle1
  m_TagString: Untagged
  m_Icon: {fileID: 0}
  m_NavMeshLayer: 0
  m_StaticEditorFlags: 0
  m_IsActive: 1
--- !u!1 &1527330775894024
GameObject:
  m_ObjectHideFlags: 1
  m_PrefabParentObject: {fileID: 0}
  m_PrefabInternal: {fileID: 100100000}
  serializedVersion: 5
  m_Component:
  - component: {fileID: 4162682010838194}
  m_Layer: 0
  m_Name: Female_RightFoot
  m_TagString: Untagged
  m_Icon: {fileID: 0}
  m_NavMeshLayer: 0
  m_StaticEditorFlags: 0
  m_IsActive: 1
--- !u!1 &1564123057111956
GameObject:
  m_ObjectHideFlags: 1
  m_PrefabParentObject: {fileID: 0}
  m_PrefabInternal: {fileID: 100100000}
  serializedVersion: 5
  m_Component:
  - component: {fileID: 4916579000650614}
  m_Layer: 0
  m_Name: Female_EyelidRight
  m_TagString: Untagged
  m_Icon: {fileID: 0}
  m_NavMeshLayer: 0
  m_StaticEditorFlags: 0
  m_IsActive: 1
--- !u!1 &1576815413087730
GameObject:
  m_ObjectHideFlags: 1
  m_PrefabParentObject: {fileID: 0}
  m_PrefabInternal: {fileID: 100100000}
  serializedVersion: 5
  m_Component:
  - component: {fileID: 4947532442239678}
  m_Layer: 0
  m_Name: Female_LeftShoulder
  m_TagString: Untagged
  m_Icon: {fileID: 0}
  m_NavMeshLayer: 0
  m_StaticEditorFlags: 0
  m_IsActive: 1
--- !u!1 &1579440970362236
GameObject:
  m_ObjectHideFlags: 1
  m_PrefabParentObject: {fileID: 0}
  m_PrefabInternal: {fileID: 100100000}
  serializedVersion: 5
  m_Component:
  - component: {fileID: 4027764430039150}
  m_Layer: 0
  m_Name: Female_Head
  m_TagString: Untagged
  m_Icon: {fileID: 0}
  m_NavMeshLayer: 0
  m_StaticEditorFlags: 0
  m_IsActive: 1
--- !u!1 &1581444001993414
GameObject:
  m_ObjectHideFlags: 1
  m_PrefabParentObject: {fileID: 0}
  m_PrefabInternal: {fileID: 100100000}
  serializedVersion: 5
  m_Component:
  - component: {fileID: 4919486640860002}
  m_Layer: 0
  m_Name: Female_RightPinky3
  m_TagString: Untagged
  m_Icon: {fileID: 0}
  m_NavMeshLayer: 0
  m_StaticEditorFlags: 0
  m_IsActive: 1
--- !u!1 &1584139032863212
GameObject:
  m_ObjectHideFlags: 1
  m_PrefabParentObject: {fileID: 0}
  m_PrefabInternal: {fileID: 100100000}
  serializedVersion: 5
  m_Component:
  - component: {fileID: 4508332137189952}
  m_Layer: 0
  m_Name: Female_RightMiddle3
  m_TagString: Untagged
  m_Icon: {fileID: 0}
  m_NavMeshLayer: 0
  m_StaticEditorFlags: 0
  m_IsActive: 1
--- !u!1 &1614933988797216
GameObject:
  m_ObjectHideFlags: 1
  m_PrefabParentObject: {fileID: 0}
  m_PrefabInternal: {fileID: 100100000}
  serializedVersion: 5
  m_Component:
  - component: {fileID: 4154351120070968}
  m_Layer: 0
  m_Name: Female_RightToeBase
  m_TagString: Untagged
  m_Icon: {fileID: 0}
  m_NavMeshLayer: 0
  m_StaticEditorFlags: 0
  m_IsActive: 1
--- !u!1 &1621630886287840
GameObject:
  m_ObjectHideFlags: 1
  m_PrefabParentObject: {fileID: 0}
  m_PrefabInternal: {fileID: 100100000}
  serializedVersion: 5
  m_Component:
  - component: {fileID: 4936905842324500}
  m_Layer: 0
  m_Name: Female_Jaw
  m_TagString: Untagged
  m_Icon: {fileID: 0}
  m_NavMeshLayer: 0
  m_StaticEditorFlags: 0
  m_IsActive: 1
--- !u!1 &1663726250937378
GameObject:
  m_ObjectHideFlags: 1
  m_PrefabParentObject: {fileID: 0}
  m_PrefabInternal: {fileID: 100100000}
  serializedVersion: 5
  m_Component:
  - component: {fileID: 4773319949200778}
  m_Layer: 0
  m_Name: Female_RightThumb3
  m_TagString: Untagged
  m_Icon: {fileID: 0}
  m_NavMeshLayer: 0
  m_StaticEditorFlags: 0
  m_IsActive: 1
--- !u!1 &1679196794117884
GameObject:
  m_ObjectHideFlags: 1
  m_PrefabParentObject: {fileID: 0}
  m_PrefabInternal: {fileID: 100100000}
  serializedVersion: 5
  m_Component:
  - component: {fileID: 4559937765262696}
  m_Layer: 0
  m_Name: Female_LeftIndex3
  m_TagString: Untagged
  m_Icon: {fileID: 0}
  m_NavMeshLayer: 0
  m_StaticEditorFlags: 0
  m_IsActive: 1
--- !u!1 &1698818019250898
GameObject:
  m_ObjectHideFlags: 1
  m_PrefabParentObject: {fileID: 0}
  m_PrefabInternal: {fileID: 100100000}
  serializedVersion: 5
  m_Component:
  - component: {fileID: 4961736905495338}
  m_Layer: 0
  m_Name: Female_LeftUpLeg
  m_TagString: Untagged
  m_Icon: {fileID: 0}
  m_NavMeshLayer: 0
  m_StaticEditorFlags: 0
  m_IsActive: 1
--- !u!1 &1700896593364268
GameObject:
  m_ObjectHideFlags: 1
  m_PrefabParentObject: {fileID: 0}
  m_PrefabInternal: {fileID: 100100000}
  serializedVersion: 5
  m_Component:
  - component: {fileID: 4226498535870868}
  m_Layer: 0
  m_Name: Female_Spine1
  m_TagString: Untagged
  m_Icon: {fileID: 0}
  m_NavMeshLayer: 0
  m_StaticEditorFlags: 0
  m_IsActive: 1
--- !u!1 &1705406090983470
GameObject:
  m_ObjectHideFlags: 1
  m_PrefabParentObject: {fileID: 0}
  m_PrefabInternal: {fileID: 100100000}
  serializedVersion: 5
  m_Component:
  - component: {fileID: 4962608662804018}
  m_Layer: 0
  m_Name: Female_LeftThumb1
  m_TagString: Untagged
  m_Icon: {fileID: 0}
  m_NavMeshLayer: 0
  m_StaticEditorFlags: 0
  m_IsActive: 1
--- !u!1 &1729690676260374
GameObject:
  m_ObjectHideFlags: 1
  m_PrefabParentObject: {fileID: 0}
  m_PrefabInternal: {fileID: 100100000}
  serializedVersion: 5
  m_Component:
  - component: {fileID: 4054466857691832}
  m_Layer: 0
  m_Name: Female_RightRing1
  m_TagString: Untagged
  m_Icon: {fileID: 0}
  m_NavMeshLayer: 0
  m_StaticEditorFlags: 0
  m_IsActive: 1
--- !u!1 &1731777395595690
GameObject:
  m_ObjectHideFlags: 1
  m_PrefabParentObject: {fileID: 0}
  m_PrefabInternal: {fileID: 100100000}
  serializedVersion: 5
  m_Component:
  - component: {fileID: 4201039232254376}
  m_Layer: 0
  m_Name: Female_Spine
  m_TagString: Untagged
  m_Icon: {fileID: 0}
  m_NavMeshLayer: 0
  m_StaticEditorFlags: 0
  m_IsActive: 1
--- !u!1 &1738952947212288
GameObject:
  m_ObjectHideFlags: 1
  m_PrefabParentObject: {fileID: 0}
  m_PrefabInternal: {fileID: 100100000}
  serializedVersion: 5
  m_Component:
  - component: {fileID: 4379304133530260}
  m_Layer: 0
  m_Name: Female_LeftMiddle1
  m_TagString: Untagged
  m_Icon: {fileID: 0}
  m_NavMeshLayer: 0
  m_StaticEditorFlags: 0
  m_IsActive: 1
--- !u!1 &1776592829814952
GameObject:
  m_ObjectHideFlags: 1
  m_PrefabParentObject: {fileID: 0}
  m_PrefabInternal: {fileID: 100100000}
  serializedVersion: 5
  m_Component:
  - component: {fileID: 4929263218701752}
  m_Layer: 0
  m_Name: Female_RightRing2
  m_TagString: Untagged
  m_Icon: {fileID: 0}
  m_NavMeshLayer: 0
  m_StaticEditorFlags: 0
  m_IsActive: 1
--- !u!1 &1803426926631104
GameObject:
  m_ObjectHideFlags: 1
  m_PrefabParentObject: {fileID: 0}
  m_PrefabInternal: {fileID: 100100000}
  serializedVersion: 5
  m_Component:
  - component: {fileID: 4569657149274254}
  m_Layer: 0
  m_Name: Female_EyebrowRight
  m_TagString: Untagged
  m_Icon: {fileID: 0}
  m_NavMeshLayer: 0
  m_StaticEditorFlags: 0
  m_IsActive: 1
--- !u!1 &1823349262324354
GameObject:
  m_ObjectHideFlags: 1
  m_PrefabParentObject: {fileID: 0}
  m_PrefabInternal: {fileID: 100100000}
  serializedVersion: 5
  m_Component:
  - component: {fileID: 4733109540793738}
  m_Layer: 0
  m_Name: Female_LeftThumb2
  m_TagString: Untagged
  m_Icon: {fileID: 0}
  m_NavMeshLayer: 0
  m_StaticEditorFlags: 0
  m_IsActive: 1
--- !u!1 &1842561085733288
GameObject:
  m_ObjectHideFlags: 1
  m_PrefabParentObject: {fileID: 0}
  m_PrefabInternal: {fileID: 100100000}
  serializedVersion: 5
  m_Component:
  - component: {fileID: 4406919574743614}
  m_Layer: 0
  m_Name: Female_LeftPinky3
  m_TagString: Untagged
  m_Icon: {fileID: 0}
  m_NavMeshLayer: 0
  m_StaticEditorFlags: 0
  m_IsActive: 1
--- !u!1 &1848666143998252
GameObject:
  m_ObjectHideFlags: 1
  m_PrefabParentObject: {fileID: 0}
  m_PrefabInternal: {fileID: 100100000}
  serializedVersion: 5
  m_Component:
  - component: {fileID: 4905341179022636}
  m_Layer: 0
  m_Name: Female_RightThumb2
  m_TagString: Untagged
  m_Icon: {fileID: 0}
  m_NavMeshLayer: 0
  m_StaticEditorFlags: 0
  m_IsActive: 1
--- !u!1 &1851741726886954
GameObject:
  m_ObjectHideFlags: 1
  m_PrefabParentObject: {fileID: 0}
  m_PrefabInternal: {fileID: 100100000}
  serializedVersion: 5
  m_Component:
  - component: {fileID: 4006400011814616}
  m_Layer: 0
  m_Name: Female_RightRing3
  m_TagString: Untagged
  m_Icon: {fileID: 0}
  m_NavMeshLayer: 0
  m_StaticEditorFlags: 0
  m_IsActive: 1
--- !u!1 &1854289838349036
GameObject:
  m_ObjectHideFlags: 0
  m_PrefabParentObject: {fileID: 0}
  m_PrefabInternal: {fileID: 100100000}
  serializedVersion: 5
  m_Component:
  - component: {fileID: 4067855420852996}
  - component: {fileID: 137487177948817194}
  m_Layer: 0
  m_Name: pants-3
  m_TagString: Untagged
  m_Icon: {fileID: 0}
  m_NavMeshLayer: 0
  m_StaticEditorFlags: 0
  m_IsActive: 1
--- !u!1 &1876898937308334
GameObject:
  m_ObjectHideFlags: 1
  m_PrefabParentObject: {fileID: 0}
  m_PrefabInternal: {fileID: 100100000}
  serializedVersion: 5
  m_Component:
  - component: {fileID: 4044551839350728}
  m_Layer: 0
  m_Name: Female_LeftPinky2
  m_TagString: Untagged
  m_Icon: {fileID: 0}
  m_NavMeshLayer: 0
  m_StaticEditorFlags: 0
  m_IsActive: 1
--- !u!1 &1891227567196588
GameObject:
  m_ObjectHideFlags: 1
  m_PrefabParentObject: {fileID: 0}
  m_PrefabInternal: {fileID: 100100000}
  serializedVersion: 5
  m_Component:
  - component: {fileID: 4978111300790718}
  m_Layer: 0
  m_Name: Female_RightThumb4
  m_TagString: Untagged
  m_Icon: {fileID: 0}
  m_NavMeshLayer: 0
  m_StaticEditorFlags: 0
  m_IsActive: 1
--- !u!1 &1920371692606956
GameObject:
  m_ObjectHideFlags: 1
  m_PrefabParentObject: {fileID: 0}
  m_PrefabInternal: {fileID: 100100000}
  serializedVersion: 5
  m_Component:
  - component: {fileID: 4369259202163952}
  m_Layer: 0
  m_Name: Female_LeftPinky1
  m_TagString: Untagged
  m_Icon: {fileID: 0}
  m_NavMeshLayer: 0
  m_StaticEditorFlags: 0
  m_IsActive: 1
--- !u!1 &1936214063801028
GameObject:
  m_ObjectHideFlags: 1
  m_PrefabParentObject: {fileID: 0}
  m_PrefabInternal: {fileID: 100100000}
  serializedVersion: 5
  m_Component:
  - component: {fileID: 4860815135509322}
  m_Layer: 0
  m_Name: Female_LeftToeBase
  m_TagString: Untagged
  m_Icon: {fileID: 0}
  m_NavMeshLayer: 0
  m_StaticEditorFlags: 0
  m_IsActive: 1
--- !u!1 &1967655438675386
GameObject:
  m_ObjectHideFlags: 1
  m_PrefabParentObject: {fileID: 0}
  m_PrefabInternal: {fileID: 100100000}
  serializedVersion: 5
  m_Component:
  - component: {fileID: 4992196996497016}
  m_Layer: 0
  m_Name: Female_CheekRight
  m_TagString: Untagged
  m_Icon: {fileID: 0}
  m_NavMeshLayer: 0
  m_StaticEditorFlags: 0
  m_IsActive: 1
--- !u!1 &1981200993672450
GameObject:
  m_ObjectHideFlags: 1
  m_PrefabParentObject: {fileID: 0}
  m_PrefabInternal: {fileID: 100100000}
  serializedVersion: 5
  m_Component:
  - component: {fileID: 4861410214790510}
  m_Layer: 0
  m_Name: Female_RightPinky2
  m_TagString: Untagged
  m_Icon: {fileID: 0}
  m_NavMeshLayer: 0
  m_StaticEditorFlags: 0
  m_IsActive: 1
--- !u!1 &1997782807067978
GameObject:
  m_ObjectHideFlags: 1
  m_PrefabParentObject: {fileID: 0}
  m_PrefabInternal: {fileID: 100100000}
  serializedVersion: 5
  m_Component:
  - component: {fileID: 4127239163566610}
  m_Layer: 0
  m_Name: Female_RightHand
  m_TagString: Untagged
  m_Icon: {fileID: 0}
  m_NavMeshLayer: 0
  m_StaticEditorFlags: 0
  m_IsActive: 1
--- !u!4 &4006400011814616
Transform:
  m_ObjectHideFlags: 1
  m_PrefabParentObject: {fileID: 0}
  m_PrefabInternal: {fileID: 100100000}
  m_GameObject: {fileID: 1851741726886954}
  m_LocalRotation: {x: 0.0007234049, y: -0.0378134, z: 0.00035654518, w: 0.9992845}
  m_LocalPosition: {x: -0.030893743, y: 0.000000014901161, z: 0}
  m_LocalScale: {x: 1, y: 1, z: 0.9999999}
  m_Children: []
  m_Father: {fileID: 4929263218701752}
  m_RootOrder: 0
  m_LocalEulerAnglesHint: {x: 0, y: 0, z: 0}
--- !u!4 &4018525081583264
Transform:
  m_ObjectHideFlags: 1
  m_PrefabParentObject: {fileID: 0}
  m_PrefabInternal: {fileID: 100100000}
  m_GameObject: {fileID: 1470045024237436}
  m_LocalRotation: {x: 0.021339959, y: 0.05806583, z: 0.015581187, w: 0.997963}
  m_LocalPosition: {x: -0.22267866, y: -0.000000059604645, z: 0.000000117346644}
  m_LocalScale: {x: 1.0000001, y: 1.0000001, z: 1}
  m_Children:
  - {fileID: 4127239163566610}
  m_Father: {fileID: 4673280286641188}
  m_RootOrder: 0
  m_LocalEulerAnglesHint: {x: 0, y: 0, z: 0}
--- !u!4 &4027764430039150
Transform:
  m_ObjectHideFlags: 1
  m_PrefabParentObject: {fileID: 0}
  m_PrefabInternal: {fileID: 100100000}
  m_GameObject: {fileID: 1579440970362236}
  m_LocalRotation: {x: 0.001530711, y: 0.015226074, z: 0.005036066, w: 0.99987024}
  m_LocalPosition: {x: -0.06577611, y: -9.313226e-10, z: 0}
  m_LocalScale: {x: 1.0000002, y: 1.0000001, z: 1}
  m_Children:
  - {fileID: 4204472389521350}
  - {fileID: 4992196996497016}
  - {fileID: 4123325048526466}
  - {fileID: 4569657149274254}
  - {fileID: 4434442247124822}
  - {fileID: 4384224953697620}
  - {fileID: 4916579000650614}
  - {fileID: 4102295497624372}
  - {fileID: 4936905842324500}
  - {fileID: 4432240141321714}
  - {fileID: 4840758618099558}
  m_Father: {fileID: 4313109529943640}
  m_RootOrder: 0
  m_LocalEulerAnglesHint: {x: 0, y: 0, z: 0}
--- !u!4 &4033069952987308
Transform:
  m_ObjectHideFlags: 1
  m_PrefabParentObject: {fileID: 0}
  m_PrefabInternal: {fileID: 100100000}
  m_GameObject: {fileID: 1435187058065186}
  m_LocalRotation: {x: -0.00000047490127, y: -0.00000004292419, z: 0.09001856, w: 0.9959401}
  m_LocalPosition: {x: -0.38329405, y: -0.000000014901161, z: -0.000000011175871}
  m_LocalScale: {x: 1.0000001, y: 1, z: 1}
  m_Children:
  - {fileID: 4162682010838194}
  m_Father: {fileID: 4179679248200422}
  m_RootOrder: 0
  m_LocalEulerAnglesHint: {x: 0, y: 0, z: 0}
--- !u!4 &4044551839350728
Transform:
  m_ObjectHideFlags: 1
  m_PrefabParentObject: {fileID: 0}
  m_PrefabInternal: {fileID: 100100000}
  m_GameObject: {fileID: 1876898937308334}
  m_LocalRotation: {x: -0.023547046, y: -0.023284812, z: 0.033617478, w: 0.998886}
  m_LocalPosition: {x: -0.03311792, y: -0.000000014901161, z: -0.000000059604645}
  m_LocalScale: {x: 1.0000002, y: 0.99999994, z: 0.9999998}
  m_Children:
  - {fileID: 4406919574743614}
  m_Father: {fileID: 4369259202163952}
  m_RootOrder: 0
  m_LocalEulerAnglesHint: {x: 0, y: 0, z: 0}
--- !u!4 &4054466857691832
Transform:
  m_ObjectHideFlags: 1
  m_PrefabParentObject: {fileID: 0}
  m_PrefabInternal: {fileID: 100100000}
  m_GameObject: {fileID: 1729690676260374}
  m_LocalRotation: {x: 0.66887474, y: -0.153154, z: -0.057235036, w: 0.7251721}
  m_LocalPosition: {x: -0.06094247, y: 0.005939901, z: -0.018787265}
  m_LocalScale: {x: 1.0000002, y: 1.0000001, z: 1}
  m_Children:
  - {fileID: 4929263218701752}
  m_Father: {fileID: 4127239163566610}
  m_RootOrder: 3
  m_LocalEulerAnglesHint: {x: 0, y: 0, z: 0}
--- !u!4 &4067855420852996
Transform:
  m_ObjectHideFlags: 1
  m_PrefabParentObject: {fileID: 0}
  m_PrefabInternal: {fileID: 100100000}
  m_GameObject: {fileID: 1854289838349036}
  m_LocalRotation: {x: -0.000000057741993, y: 0.7071069, z: 0.70710677, w: 0.0000000372529}
  m_LocalPosition: {x: 0.0000969558, y: 0.5139452, z: -0.005876312}
  m_LocalScale: {x: 1.0000004, y: 1.0000008, z: 1.0000006}
  m_Children:
  - {fileID: 4240480889639128}
  m_Father: {fileID: 0}
  m_RootOrder: 0
  m_LocalEulerAnglesHint: {x: 0, y: 0, z: 0}
--- !u!4 &4102295497624372
Transform:
  m_ObjectHideFlags: 1
  m_PrefabParentObject: {fileID: 0}
  m_PrefabInternal: {fileID: 100100000}
  m_GameObject: {fileID: 1452383877587598}
  m_LocalRotation: {x: 0.51223993, y: -0.48604056, z: 0.4870682, w: 0.5139449}
  m_LocalPosition: {x: -0.13434064, y: -0.05683965, z: -0.07054114}
  m_LocalScale: {x: 0.99999994, y: 0.99999964, z: 0.99999976}
  m_Children: []
  m_Father: {fileID: 4027764430039150}
  m_RootOrder: 7
  m_LocalEulerAnglesHint: {x: 0, y: 0, z: 0}
--- !u!4 &4123325048526466
Transform:
  m_ObjectHideFlags: 1
  m_PrefabParentObject: {fileID: 0}
  m_PrefabInternal: {fileID: 100100000}
  m_GameObject: {fileID: 1164953698097672}
  m_LocalRotation: {x: -0.4328757, y: -0.37898922, z: -0.5595049, w: 0.5966071}
  m_LocalPosition: {x: -0.196823, y: 0.0582141, z: -0.11636362}
  m_LocalScale: {x: 0.9999998, y: 0.9999999, z: 0.9999996}
  m_Children: []
  m_Father: {fileID: 4027764430039150}
  m_RootOrder: 2
  m_LocalEulerAnglesHint: {x: 0, y: 0, z: 0}
--- !u!4 &4127239163566610
Transform:
  m_ObjectHideFlags: 1
  m_PrefabParentObject: {fileID: 0}
  m_PrefabInternal: {fileID: 100100000}
  m_GameObject: {fileID: 1997782807067978}
  m_LocalRotation: {x: 0.045905188, y: -0.01860015, z: 0.22039357, w: 0.9741527}
  m_LocalPosition: {x: -0.22114134, y: 0, z: 0.00000009685755}
  m_LocalScale: {x: 1.0000001, y: 0.99999994, z: 1.0000001}
  m_Children:
  - {fileID: 4777665989709628}
  - {fileID: 4409553971845738}
  - {fileID: 4710456463507994}
  - {fileID: 4054466857691832}
  - {fileID: 4429238857549210}
  m_Father: {fileID: 4018525081583264}
  m_RootOrder: 0
  m_LocalEulerAnglesHint: {x: 0, y: 0, z: 0}
--- !u!4 &4154351120070968
Transform:
  m_ObjectHideFlags: 1
  m_PrefabParentObject: {fileID: 0}
  m_PrefabInternal: {fileID: 100100000}
  m_GameObject: {fileID: 1614933988797216}
  m_LocalRotation: {x: -0.00000062261154, y: 0.0000011963881, z: -0.30082414, w: 0.9536796}
  m_LocalPosition: {x: -0.15638101, y: -0.000000022351742, z: 0}
  m_LocalScale: {x: 1, y: 1.0000001, z: 1}
  m_Children: []
  m_Father: {fileID: 4162682010838194}
  m_RootOrder: 0
  m_LocalEulerAnglesHint: {x: 0, y: 0, z: 0}
--- !u!4 &4162682010838194
Transform:
  m_ObjectHideFlags: 1
  m_PrefabParentObject: {fileID: 0}
  m_PrefabInternal: {fileID: 100100000}
  m_GameObject: {fileID: 1527330775894024}
  m_LocalRotation: {x: -0.00000036946682, y: -0.00000017327089, z: -0.486714, w: 0.8735614}
  m_LocalPosition: {x: -0.35653087, y: -0.000000028871, z: 0.000000007450581}
  m_LocalScale: {x: 1, y: 1.0000001, z: 1}
  m_Children:
  - {fileID: 4154351120070968}
  m_Father: {fileID: 4033069952987308}
  m_RootOrder: 0
  m_LocalEulerAnglesHint: {x: 0, y: 0, z: 0}
--- !u!4 &4179679248200422
Transform:
  m_ObjectHideFlags: 1
  m_PrefabParentObject: {fileID: 0}
  m_PrefabInternal: {fileID: 100100000}
  m_GameObject: {fileID: 1454273952926860}
  m_LocalRotation: {x: -0.034101028, y: 0.70694923, z: -0.70572966, w: -0.031710185}
  m_LocalPosition: {x: -0.04579079, y: -0.057985913, z: 0.015882254}
  m_LocalScale: {x: 0.99999994, y: 0.9999998, z: 1}
  m_Children:
  - {fileID: 4033069952987308}
  m_Father: {fileID: 4240480889639128}
  m_RootOrder: 1
  m_LocalEulerAnglesHint: {x: 0, y: 0, z: 0}
--- !u!4 &4182833183834826
Transform:
  m_ObjectHideFlags: 1
  m_PrefabParentObject: {fileID: 0}
  m_PrefabInternal: {fileID: 100100000}
  m_GameObject: {fileID: 1164289081988910}
  m_LocalRotation: {x: 0.015890837, y: -0.007904375, z: -0.05932416, w: 0.99808097}
  m_LocalPosition: {x: -0.026326925, y: 0, z: -0.0000001937151}
  m_LocalScale: {x: 1.0000001, y: 1.0000002, z: 1.0000001}
  m_Children:
  - {fileID: 4414397025082662}
  m_Father: {fileID: 4733109540793738}
  m_RootOrder: 0
  m_LocalEulerAnglesHint: {x: 0, y: 0, z: 0}
--- !u!4 &4201039232254376
Transform:
  m_ObjectHideFlags: 1
  m_PrefabParentObject: {fileID: 0}
  m_PrefabInternal: {fileID: 100100000}
  m_GameObject: {fileID: 1731777395595690}
  m_LocalRotation: {x: -0.00027973525, y: -0.12430382, z: 0.0026369863, w: 0.99224067}
  m_LocalPosition: {x: -0.12391907, y: 0.00000010849908, z: 0.041922517}
  m_LocalScale: {x: 1, y: 1.0000004, z: 1.0000001}
  m_Children:
  - {fileID: 4226498535870868}
  m_Father: {fileID: 4240480889639128}
  m_RootOrder: 2
  m_LocalEulerAnglesHint: {x: 0, y: 0, z: 0}
--- !u!4 &4204472389521350
Transform:
  m_ObjectHideFlags: 1
  m_PrefabParentObject: {fileID: 0}
  m_PrefabInternal: {fileID: 100100000}
  m_GameObject: {fileID: 1289512425204196}
  m_LocalRotation: {x: -0.52345645, y: -0.47683132, z: -0.4758366, w: 0.52173245}
  m_LocalPosition: {x: -0.099612474, y: 0.07835484, z: -0.12391817}
  m_LocalScale: {x: 0.99999994, y: 0.9999999, z: 0.99999976}
  m_Children: []
  m_Father: {fileID: 4027764430039150}
  m_RootOrder: 0
  m_LocalEulerAnglesHint: {x: 0, y: 0, z: 0}
--- !u!4 &4225315263443270
Transform:
  m_ObjectHideFlags: 1
  m_PrefabParentObject: {fileID: 0}
  m_PrefabInternal: {fileID: 100100000}
  m_GameObject: {fileID: 1360737938732272}
  m_LocalRotation: {x: -0.018300729, y: -0.07942467, z: 0.0037025725, w: 0.996666}
  m_LocalPosition: {x: -0.037747473, y: -0.000000007450581, z: 0.000000059604645}
  m_LocalScale: {x: 1, y: 1.0000002, z: 1.0000001}
  m_Children:
  - {fileID: 4557711555192844}
  m_Father: {fileID: 4379304133530260}
  m_RootOrder: 0
  m_LocalEulerAnglesHint: {x: 0, y: 0, z: 0}
--- !u!4 &4226498535870868
Transform:
  m_ObjectHideFlags: 1
  m_PrefabParentObject: {fileID: 0}
  m_PrefabInternal: {fileID: 100100000}
  m_GameObject: {fileID: 1700896593364268}
  m_LocalRotation: {x: 0.0029395956, y: 0.16893294, z: 0.000075966054, w: 0.9856232}
  m_LocalPosition: {x: -0.096229196, y: 0, z: 0.000000029802322}
  m_LocalScale: {x: 1, y: 1, z: 0.9999999}
  m_Children:
  - {fileID: 4947532442239678}
  - {fileID: 4313109529943640}
  - {fileID: 4284842256181146}
  m_Father: {fileID: 4201039232254376}
  m_RootOrder: 0
  m_LocalEulerAnglesHint: {x: 0, y: 0, z: 0}
--- !u!4 &4240480889639128
Transform:
  m_ObjectHideFlags: 1
  m_PrefabParentObject: {fileID: 0}
  m_PrefabInternal: {fileID: 100100000}
  m_GameObject: {fileID: 1370683806192072}
  m_LocalRotation: {x: -0.49879667, y: -0.5013859, z: 0.5002606, w: -0.4995532}
  m_LocalPosition: {x: -0.00012247908, y: 0.015096354, z: 0.29289055}
  m_LocalScale: {x: 1, y: 1, z: 1}
  m_Children:
  - {fileID: 4961736905495338}
  - {fileID: 4179679248200422}
  - {fileID: 4201039232254376}
  m_Father: {fileID: 4067855420852996}
  m_RootOrder: 0
  m_LocalEulerAnglesHint: {x: 0, y: 0, z: 0}
--- !u!4 &4284842256181146
Transform:
  m_ObjectHideFlags: 1
  m_PrefabParentObject: {fileID: 0}
  m_PrefabInternal: {fileID: 100100000}
  m_GameObject: {fileID: 1336717491099600}
  m_LocalRotation: {x: 0.83459795, y: 0.5082338, z: -0.15593442, w: 0.14432327}
  m_LocalPosition: {x: -0.13654578, y: -0.01876279, z: -0.04879999}
  m_LocalScale: {x: 0.9999996, y: 0.99999976, z: 0.99999976}
  m_Children:
  - {fileID: 4673280286641188}
  m_Father: {fileID: 4226498535870868}
  m_RootOrder: 2
  m_LocalEulerAnglesHint: {x: 0, y: 0, z: 0}
--- !u!4 &4313109529943640
Transform:
  m_ObjectHideFlags: 1
  m_PrefabParentObject: {fileID: 0}
  m_PrefabInternal: {fileID: 100100000}
  m_GameObject: {fileID: 1511235647609778}
  m_LocalRotation: {x: -0.0011147623, y: -0.10661163, z: -0.005968708, w: 0.9942822}
  m_LocalPosition: {x: -0.22680986, y: 0, z: 0}
  m_LocalScale: {x: 1, y: 0.99999994, z: 0.99999994}
  m_Children:
  - {fileID: 4027764430039150}
  m_Father: {fileID: 4226498535870868}
  m_RootOrder: 1
  m_LocalEulerAnglesHint: {x: 0, y: 0, z: 0}
--- !u!4 &4369259202163952
Transform:
  m_ObjectHideFlags: 1
  m_PrefabParentObject: {fileID: 0}
  m_PrefabInternal: {fileID: 100100000}
  m_GameObject: {fileID: 1920371692606956}
  m_LocalRotation: {x: -0.5861187, y: -0.16656618, z: 0.052058037, w: 0.79120827}
  m_LocalPosition: {x: -0.050913155, y: -0.0068594813, z: -0.03372912}
  m_LocalScale: {x: 1.0000002, y: 1.0000001, z: 1.0000002}
  m_Children:
  - {fileID: 4044551839350728}
  m_Father: {fileID: 4812552962113958}
  m_RootOrder: 2
  m_LocalEulerAnglesHint: {x: 0, y: 0, z: 0}
--- !u!4 &4379304133530260
Transform:
  m_ObjectHideFlags: 1
  m_PrefabParentObject: {fileID: 0}
  m_PrefabInternal: {fileID: 100100000}
  m_GameObject: {fileID: 1738952947212288}
  m_LocalRotation: {x: -0.5909976, y: -0.11393109, z: 0.055005476, w: 0.79669064}
  m_LocalPosition: {x: -0.062224865, y: -0.010591626, z: -0.0043317676}
  m_LocalScale: {x: 1.0000004, y: 1.0000002, z: 1.0000002}
  m_Children:
  - {fileID: 4225315263443270}
  m_Father: {fileID: 4812552962113958}
  m_RootOrder: 1
  m_LocalEulerAnglesHint: {x: 0, y: 0, z: 0}
--- !u!4 &4384224953697620
Transform:
  m_ObjectHideFlags: 1
  m_PrefabParentObject: {fileID: 0}
  m_PrefabInternal: {fileID: 100100000}
  m_GameObject: {fileID: 1104508411462596}
  m_LocalRotation: {x: 0.6424678, y: -0.37233564, z: 0.29363322, w: 0.60198087}
  m_LocalPosition: {x: -0.13207674, y: 0.056264747, z: -0.07218218}
  m_LocalScale: {x: 1.0000002, y: 0.99999976, z: 0.99999964}
  m_Children: []
  m_Father: {fileID: 4027764430039150}
  m_RootOrder: 5
  m_LocalEulerAnglesHint: {x: 0, y: 0, z: 0}
--- !u!4 &4406919574743614
Transform:
  m_ObjectHideFlags: 1
  m_PrefabParentObject: {fileID: 0}
  m_PrefabInternal: {fileID: 100100000}
  m_GameObject: {fileID: 1842561085733288}
  m_LocalRotation: {x: 0.010309515, y: -0.11367776, z: -0.019802315, w: 0.9932668}
  m_LocalPosition: {x: -0.02251947, y: -0.000000014901161, z: 0.00000011920929}
  m_LocalScale: {x: 0.9999997, y: 0.9999997, z: 0.99999964}
  m_Children: []
  m_Father: {fileID: 4044551839350728}
  m_RootOrder: 0
  m_LocalEulerAnglesHint: {x: 0, y: 0, z: 0}
--- !u!4 &4409553971845738
Transform:
  m_ObjectHideFlags: 1
  m_PrefabParentObject: {fileID: 0}
  m_PrefabInternal: {fileID: 100100000}
  m_GameObject: {fileID: 1526324107916770}
  m_LocalRotation: {x: 0.5909976, y: -0.11393131, z: -0.05500568, w: 0.7966906}
  m_LocalPosition: {x: -0.06415993, y: 0.009833932, z: -0.0042393804}
  m_LocalScale: {x: 1.0000004, y: 0.99999994, z: 1}
  m_Children:
  - {fileID: 4808674716795130}
  m_Father: {fileID: 4127239163566610}
  m_RootOrder: 1
  m_LocalEulerAnglesHint: {x: 0, y: 0, z: 0}
--- !u!4 &4414397025082662
Transform:
  m_ObjectHideFlags: 1
  m_PrefabParentObject: {fileID: 0}
  m_PrefabInternal: {fileID: 100100000}
  m_GameObject: {fileID: 1090199025415738}
  m_LocalRotation: {x: 0.000001424872, y: 0.007283865, z: 0.00000077940354, w: 0.9999735}
  m_LocalPosition: {x: -0.025596827, y: -0.00000023841858, z: -0.0000001937151}
  m_LocalScale: {x: 1.0000001, y: 1.0000001, z: 0.99999976}
  m_Children: []
  m_Father: {fileID: 4182833183834826}
  m_RootOrder: 0
  m_LocalEulerAnglesHint: {x: 0, y: 0, z: 0}
--- !u!4 &4420145838404566
Transform:
  m_ObjectHideFlags: 1
  m_PrefabParentObject: {fileID: 0}
  m_PrefabInternal: {fileID: 100100000}
  m_GameObject: {fileID: 1249425071276462}
  m_LocalRotation: {x: 0.016547639, y: -0.06022504, z: 0.0045809103, w: 0.99803716}
  m_LocalPosition: {x: -0.033729076, y: 0, z: 0}
  m_LocalScale: {x: 1, y: 1, z: 1}
  m_Children:
  - {fileID: 4710009387091250}
  m_Father: {fileID: 4777665989709628}
  m_RootOrder: 0
  m_LocalEulerAnglesHint: {x: 0, y: 0, z: 0}
--- !u!4 &4429238857549210
Transform:
  m_ObjectHideFlags: 1
  m_PrefabParentObject: {fileID: 0}
  m_PrefabInternal: {fileID: 100100000}
  m_GameObject: {fileID: 1084279035854644}
  m_LocalRotation: {x: 0.09639091, y: 0.18531214, z: -0.2843687, w: 0.935683}
  m_LocalPosition: {x: -0.014959484, y: 0.017923236, z: 0.016186595}
  m_LocalScale: {x: 1, y: 1.0000001, z: 1.0000001}
  m_Children:
  - {fileID: 4905341179022636}
  m_Father: {fileID: 4127239163566610}
  m_RootOrder: 4
  m_LocalEulerAnglesHint: {x: 0, y: 0, z: 0}
--- !u!4 &4432240141321714
Transform:
  m_ObjectHideFlags: 1
  m_PrefabParentObject: {fileID: 0}
  m_PrefabInternal: {fileID: 100100000}
  m_GameObject: {fileID: 1266081081947450}
  m_LocalRotation: {x: -0.5234568, y: -0.47683105, z: -0.4758369, w: 0.5217322}
  m_LocalPosition: {x: -0.05683887, y: 0.053050265, z: -0.13008595}
  m_LocalScale: {x: 1.0000001, y: 0.99999976, z: 0.99999976}
  m_Children: []
  m_Father: {fileID: 4027764430039150}
  m_RootOrder: 9
  m_LocalEulerAnglesHint: {x: 0, y: 0, z: 0}
--- !u!4 &4434442247124822
Transform:
  m_ObjectHideFlags: 1
  m_PrefabParentObject: {fileID: 0}
  m_PrefabInternal: {fileID: 100100000}
  m_GameObject: {fileID: 1215174680697208}
  m_LocalRotation: {x: 0.5122397, y: -0.4860408, z: 0.48706803, w: 0.5139451}
  m_LocalPosition: {x: -0.13427246, y: 0.05626973, z: -0.07085216}
  m_LocalScale: {x: 0.9999998, y: 0.9999997, z: 0.99999976}
  m_Children: []
  m_Father: {fileID: 4027764430039150}
  m_RootOrder: 4
  m_LocalEulerAnglesHint: {x: 0, y: 0, z: 0}
--- !u!4 &4454976984058942
Transform:
  m_ObjectHideFlags: 1
  m_PrefabParentObject: {fileID: 0}
  m_PrefabInternal: {fileID: 100100000}
  m_GameObject: {fileID: 1047971156065864}
  m_LocalRotation: {x: -0.015538231, y: -0.029287158, z: -0.009462134, w: 0.9994055}
  m_LocalPosition: {x: -0.03794667, y: 0.000000007450581, z: 0}
  m_LocalScale: {x: 1.0000001, y: 1, z: 1.0000001}
  m_Children:
  - {fileID: 4996512853275200}
  m_Father: {fileID: 4569798049736440}
  m_RootOrder: 0
  m_LocalEulerAnglesHint: {x: 0, y: 0, z: 0}
--- !u!4 &4500988773710120
Transform:
  m_ObjectHideFlags: 1
  m_PrefabParentObject: {fileID: 0}
  m_PrefabInternal: {fileID: 100100000}
  m_GameObject: {fileID: 1269874395180810}
  m_LocalRotation: {x: 0.00000052071346, y: -0.00000013192479, z: -0.09001861, w: 0.9959401}
  m_LocalPosition: {x: -0.383294, y: 0.000000007450581, z: 0}
  m_LocalScale: {x: 1.0000001, y: 1.0000001, z: 1}
  m_Children:
  - {fileID: 4957622826857450}
  m_Father: {fileID: 4961736905495338}
  m_RootOrder: 0
  m_LocalEulerAnglesHint: {x: 0, y: 0, z: 0}
--- !u!4 &4508332137189952
Transform:
  m_ObjectHideFlags: 1
  m_PrefabParentObject: {fileID: 0}
  m_PrefabInternal: {fileID: 100100000}
  m_GameObject: {fileID: 1584139032863212}
  m_LocalRotation: {x: -0.002753041, y: 0.035455555, z: 0.010371245, w: 0.99931365}
  m_LocalPosition: {x: -0.035062134, y: 0.000000022351742, z: 0}
  m_LocalScale: {x: 1, y: 1.0000001, z: 1}
  m_Children: []
  m_Father: {fileID: 4808674716795130}
  m_RootOrder: 0
  m_LocalEulerAnglesHint: {x: 0, y: 0, z: 0}
--- !u!4 &4557711555192844
Transform:
  m_ObjectHideFlags: 1
  m_PrefabParentObject: {fileID: 0}
  m_PrefabInternal: {fileID: 100100000}
  m_GameObject: {fileID: 1093174264131530}
  m_LocalRotation: {x: 0.0027530529, y: 0.035454765, z: -0.010371037, w: 0.9993137}
  m_LocalPosition: {x: -0.035062224, y: -0.000000029802322, z: 0}
  m_LocalScale: {x: 1, y: 0.99999946, z: 1}
  m_Children: []
  m_Father: {fileID: 4225315263443270}
  m_RootOrder: 0
  m_LocalEulerAnglesHint: {x: 0, y: 0, z: 0}
--- !u!4 &4559937765262696
Transform:
  m_ObjectHideFlags: 1
  m_PrefabParentObject: {fileID: 0}
  m_PrefabInternal: {fileID: 100100000}
  m_GameObject: {fileID: 1679196794117884}
  m_LocalRotation: {x: 0.000040225295, y: 0.011791902, z: -0.00037733236, w: 0.99993044}
  m_LocalPosition: {x: -0.03387171, y: -0.000000040978193, z: -0.00000017881393}
  m_LocalScale: {x: 1, y: 1.0000001, z: 1.0000002}
  m_Children: []
  m_Father: {fileID: 4952574974530444}
  m_RootOrder: 0
  m_LocalEulerAnglesHint: {x: 0, y: 0, z: 0}
--- !u!4 &4569657149274254
Transform:
  m_ObjectHideFlags: 1
  m_PrefabParentObject: {fileID: 0}
  m_PrefabInternal: {fileID: 100100000}
  m_GameObject: {fileID: 1803426926631104}
  m_LocalRotation: {x: 0.43100542, y: -0.37771034, z: 0.5601851, w: 0.598132}
  m_LocalPosition: {x: -0.19689333, y: -0.058720574, z: -0.11604202}
  m_LocalScale: {x: 0.9999999, y: 0.9999999, z: 0.9999997}
  m_Children: []
  m_Father: {fileID: 4027764430039150}
  m_RootOrder: 3
  m_LocalEulerAnglesHint: {x: 0, y: 0, z: 0}
--- !u!4 &4569798049736440
Transform:
  m_ObjectHideFlags: 1
  m_PrefabParentObject: {fileID: 0}
  m_PrefabInternal: {fileID: 100100000}
  m_GameObject: {fileID: 1440200681930040}
  m_LocalRotation: {x: -0.66887474, y: -0.15315408, z: 0.05723515, w: 0.72517216}
  m_LocalPosition: {x: -0.059007436, y: -0.0066975355, z: -0.018879637}
  m_LocalScale: {x: 1.0000001, y: 1, z: 1.0000001}
  m_Children:
  - {fileID: 4454976984058942}
  m_Father: {fileID: 4812552962113958}
  m_RootOrder: 3
  m_LocalEulerAnglesHint: {x: 0, y: 0, z: 0}
--- !u!4 &4589084563074464
Transform:
  m_ObjectHideFlags: 1
  m_PrefabParentObject: {fileID: 0}
  m_PrefabInternal: {fileID: 100100000}
  m_GameObject: {fileID: 1492726766306952}
  m_LocalRotation: {x: 0.13327007, y: 0.17721218, z: 0.5916016, w: 0.7751403}
  m_LocalPosition: {x: -0.110389024, y: -0.00000023841858, z: 0.00000011920929}
  m_LocalScale: {x: 1.0000002, y: 1.0000002, z: 1.0000002}
  m_Children:
  - {fileID: 4806646294151884}
  m_Father: {fileID: 4947532442239678}
  m_RootOrder: 0
  m_LocalEulerAnglesHint: {x: 0, y: 0, z: 0}
--- !u!4 &4673280286641188
Transform:
  m_ObjectHideFlags: 1
  m_PrefabParentObject: {fileID: 0}
  m_PrefabInternal: {fileID: 100100000}
  m_GameObject: {fileID: 1204550356762562}
  m_LocalRotation: {x: -0.13327032, y: 0.17721209, z: -0.59160155, w: 0.77514035}
  m_LocalPosition: {x: -0.11038914, y: -0.00000011920929, z: 0}
  m_LocalScale: {x: 0.9999999, y: 0.99999994, z: 1}
  m_Children:
  - {fileID: 4018525081583264}
  m_Father: {fileID: 4284842256181146}
  m_RootOrder: 0
  m_LocalEulerAnglesHint: {x: 0, y: 0, z: 0}
--- !u!4 &4710009387091250
Transform:
  m_ObjectHideFlags: 1
  m_PrefabParentObject: {fileID: 0}
  m_PrefabInternal: {fileID: 100100000}
  m_GameObject: {fileID: 1339125299094158}
  m_LocalRotation: {x: -0.00004021349, y: 0.011792946, z: 0.0003774823, w: 0.9999304}
  m_LocalPosition: {x: -0.03387165, y: 0.000000022351742, z: 0}
  m_LocalScale: {x: 0.9999998, y: 1.0000001, z: 0.9999998}
  m_Children: []
  m_Father: {fileID: 4420145838404566}
  m_RootOrder: 0
  m_LocalEulerAnglesHint: {x: 0, y: 0, z: 0}
--- !u!4 &4710456463507994
Transform:
  m_ObjectHideFlags: 1
  m_PrefabParentObject: {fileID: 0}
  m_PrefabInternal: {fileID: 100100000}
  m_GameObject: {fileID: 1359670776332474}
  m_LocalRotation: {x: 0.5861187, y: -0.16656643, z: -0.052058183, w: 0.79120827}
  m_LocalPosition: {x: -0.05284822, y: 0.0061017275, z: -0.03363663}
  m_LocalScale: {x: 1.0000004, y: 1, z: 0.99999994}
  m_Children:
  - {fileID: 4861410214790510}
  m_Father: {fileID: 4127239163566610}
  m_RootOrder: 2
  m_LocalEulerAnglesHint: {x: 0, y: 0, z: 0}
--- !u!4 &4733109540793738
Transform:
  m_ObjectHideFlags: 1
  m_PrefabParentObject: {fileID: 0}
  m_PrefabInternal: {fileID: 100100000}
  m_GameObject: {fileID: 1823349262324354}
  m_LocalRotation: {x: 0.063972495, y: -0.11760162, z: -0.059218887, w: 0.98922724}
  m_LocalPosition: {x: -0.025785536, y: 0, z: 0.00000011920929}
  m_LocalScale: {x: 1, y: 1.0000001, z: 1.0000002}
  m_Children:
  - {fileID: 4182833183834826}
  m_Father: {fileID: 4962608662804018}
  m_RootOrder: 0
  m_LocalEulerAnglesHint: {x: 0, y: 0, z: 0}
--- !u!4 &4773319949200778
Transform:
  m_ObjectHideFlags: 1
  m_PrefabParentObject: {fileID: 0}
  m_PrefabInternal: {fileID: 100100000}
  m_GameObject: {fileID: 1663726250937378}
  m_LocalRotation: {x: -0.015890904, y: -0.007904505, z: 0.059323575, w: 0.998081}
  m_LocalPosition: {x: -0.026326984, y: -0.00000011920929, z: 0.000000014901161}
  m_LocalScale: {x: 0.9999999, y: 1, z: 1.0000001}
  m_Children:
  - {fileID: 4978111300790718}
  m_Father: {fileID: 4905341179022636}
  m_RootOrder: 0
  m_LocalEulerAnglesHint: {x: 0, y: 0, z: 0}
--- !u!4 &4777665989709628
Transform:
  m_ObjectHideFlags: 1
  m_PrefabParentObject: {fileID: 0}
  m_PrefabInternal: {fileID: 100100000}
  m_GameObject: {fileID: 1340106447463480}
  m_LocalRotation: {x: 0.5957403, y: -0.09553841, z: -0.1087668, w: 0.7900226}
  m_LocalPosition: {x: -0.06527537, y: 0.015279174, z: 0.011089206}
  m_LocalScale: {x: 1.0000002, y: 0.9999998, z: 0.99999994}
  m_Children:
  - {fileID: 4420145838404566}
  m_Father: {fileID: 4127239163566610}
  m_RootOrder: 0
  m_LocalEulerAnglesHint: {x: 0, y: 0, z: 0}
--- !u!4 &4806646294151884
Transform:
  m_ObjectHideFlags: 1
  m_PrefabParentObject: {fileID: 0}
  m_PrefabInternal: {fileID: 100100000}
  m_GameObject: {fileID: 1033197232466102}
  m_LocalRotation: {x: -0.021339899, y: 0.058065813, z: -0.015581196, w: 0.997963}
  m_LocalPosition: {x: -0.22267842, y: 0.000000059604645, z: -9.313226e-10}
  m_LocalScale: {x: 0.99999976, y: 0.99999976, z: 0.9999996}
  m_Children:
  - {fileID: 4812552962113958}
  m_Father: {fileID: 4589084563074464}
  m_RootOrder: 0
  m_LocalEulerAnglesHint: {x: 0, y: 0, z: 0}
--- !u!4 &4808674716795130
Transform:
  m_ObjectHideFlags: 1
  m_PrefabParentObject: {fileID: 0}
  m_PrefabInternal: {fileID: 100100000}
  m_GameObject: {fileID: 1023740698884178}
  m_LocalRotation: {x: 0.018300697, y: -0.07942423, z: -0.0037025874, w: 0.9966661}
  m_LocalPosition: {x: -0.037747502, y: 0.000000007450581, z: 0}
  m_LocalScale: {x: 1, y: 1.0000001, z: 1}
  m_Children:
  - {fileID: 4508332137189952}
  m_Father: {fileID: 4409553971845738}
  m_RootOrder: 0
  m_LocalEulerAnglesHint: {x: 0, y: 0, z: 0}
--- !u!4 &4812552962113958
Transform:
  m_ObjectHideFlags: 1
  m_PrefabParentObject: {fileID: 0}
  m_PrefabInternal: {fileID: 100100000}
  m_GameObject: {fileID: 1401827062378002}
  m_LocalRotation: {x: -0.04590529, y: -0.01860021, z: -0.22039352, w: 0.9741527}
  m_LocalPosition: {x: -0.22114131, y: 0.000000059604645, z: 0.000000059604645}
  m_LocalScale: {x: 0.9999999, y: 1, z: 1.0000001}
  m_Children:
  - {fileID: 4851910245253320}
  - {fileID: 4379304133530260}
  - {fileID: 4369259202163952}
  - {fileID: 4569798049736440}
  - {fileID: 4962608662804018}
  m_Father: {fileID: 4806646294151884}
  m_RootOrder: 0
  m_LocalEulerAnglesHint: {x: 0, y: 0, z: 0}
--- !u!4 &4840758618099558
Transform:
  m_ObjectHideFlags: 1
  m_PrefabParentObject: {fileID: 0}
  m_PrefabInternal: {fileID: 100100000}
  m_GameObject: {fileID: 1065061773639400}
  m_LocalRotation: {x: 0.52173275, y: -0.47583634, z: 0.47683153, w: 0.5234562}
  m_LocalPosition: {x: -0.056903243, y: -0.053801067, z: -0.12979208}
  m_LocalScale: {x: 1, y: 0.9999995, z: 0.99999976}
  m_Children: []
  m_Father: {fileID: 4027764430039150}
  m_RootOrder: 10
  m_LocalEulerAnglesHint: {x: 0, y: 0, z: 0}
--- !u!4 &4851910245253320
Transform:
  m_ObjectHideFlags: 1
  m_PrefabParentObject: {fileID: 0}
  m_PrefabInternal: {fileID: 100100000}
  m_GameObject: {fileID: 1420446529361542}
  m_LocalRotation: {x: -0.59574014, y: -0.09553836, z: 0.10876702, w: 0.79002273}
  m_LocalPosition: {x: -0.063340425, y: -0.016037047, z: 0.0109966695}
  m_LocalScale: {x: 1.0000001, y: 0.99999994, z: 1.0000002}
  m_Children:
  - {fileID: 4952574974530444}
  m_Father: {fileID: 4812552962113958}
  m_RootOrder: 0
  m_LocalEulerAnglesHint: {x: 0, y: 0, z: 0}
--- !u!4 &4860815135509322
Transform:
  m_ObjectHideFlags: 1
  m_PrefabParentObject: {fileID: 0}
  m_PrefabInternal: {fileID: 100100000}
  m_GameObject: {fileID: 1936214063801028}
  m_LocalRotation: {x: 0.0000004770962, y: 0.0000008987556, z: 0.30082414, w: 0.9536796}
  m_LocalPosition: {x: -0.156381, y: 0.000000044703484, z: -0.000000026077032}
  m_LocalScale: {x: 1, y: 1, z: 0.99999994}
  m_Children: []
  m_Father: {fileID: 4957622826857450}
  m_RootOrder: 0
  m_LocalEulerAnglesHint: {x: 0, y: 0, z: 0}
--- !u!4 &4861410214790510
Transform:
  m_ObjectHideFlags: 1
  m_PrefabParentObject: {fileID: 0}
  m_PrefabInternal: {fileID: 100100000}
  m_GameObject: {fileID: 1981200993672450}
  m_LocalRotation: {x: 0.023547087, y: -0.023284819, z: -0.03361747, w: 0.998886}
  m_LocalPosition: {x: -0.03311786, y: 0.000000014901161, z: 0}
  m_LocalScale: {x: 1, y: 1, z: 1.0000001}
  m_Children:
  - {fileID: 4919486640860002}
  m_Father: {fileID: 4710456463507994}
  m_RootOrder: 0
  m_LocalEulerAnglesHint: {x: 0, y: 0, z: 0}
--- !u!4 &4905341179022636
Transform:
  m_ObjectHideFlags: 1
  m_PrefabParentObject: {fileID: 0}
  m_PrefabInternal: {fileID: 100100000}
  m_GameObject: {fileID: 1848666143998252}
  m_LocalRotation: {x: -0.063972384, y: -0.1176013, z: 0.05921885, w: 0.9892273}
  m_LocalPosition: {x: -0.025785446, y: 0, z: -0.000000029802322}
  m_LocalScale: {x: 0.9999999, y: 0.9999999, z: 0.9999999}
  m_Children:
  - {fileID: 4773319949200778}
  m_Father: {fileID: 4429238857549210}
  m_RootOrder: 0
  m_LocalEulerAnglesHint: {x: 0, y: 0, z: 0}
--- !u!4 &4916579000650614
Transform:
  m_ObjectHideFlags: 1
  m_PrefabParentObject: {fileID: 0}
  m_PrefabInternal: {fileID: 100100000}
  m_GameObject: {fileID: 1564123057111956}
  m_LocalRotation: {x: 0.5998035, y: -0.29257116, z: 0.37312666, w: 0.6445265}
  m_LocalPosition: {x: -0.13214493, y: -0.05684463, z: -0.07187116}
  m_LocalScale: {x: 1.0000002, y: 1, z: 0.9999999}
  m_Children: []
  m_Father: {fileID: 4027764430039150}
  m_RootOrder: 6
  m_LocalEulerAnglesHint: {x: 0, y: 0, z: 0}
--- !u!4 &4919486640860002
Transform:
  m_ObjectHideFlags: 1
  m_PrefabParentObject: {fileID: 0}
  m_PrefabInternal: {fileID: 100100000}
  m_GameObject: {fileID: 1581444001993414}
  m_LocalRotation: {x: -0.010309598, y: -0.11367725, z: 0.019802244, w: 0.9932669}
  m_LocalPosition: {x: -0.02251944, y: 0.000000007450581, z: 0}
  m_LocalScale: {x: 0.99999994, y: 1.0000001, z: 0.9999999}
  m_Children: []
  m_Father: {fileID: 4861410214790510}
  m_RootOrder: 0
  m_LocalEulerAnglesHint: {x: 0, y: 0, z: 0}
--- !u!4 &4929263218701752
Transform:
  m_ObjectHideFlags: 1
  m_PrefabParentObject: {fileID: 0}
  m_PrefabInternal: {fileID: 100100000}
  m_GameObject: {fileID: 1776592829814952}
  m_LocalRotation: {x: 0.015538201, y: -0.029286863, z: 0.009462047, w: 0.9994055}
  m_LocalPosition: {x: -0.03794661, y: 0, z: 0}
  m_LocalScale: {x: 0.9999999, y: 0.99999994, z: 1.0000001}
  m_Children:
  - {fileID: 4006400011814616}
  m_Father: {fileID: 4054466857691832}
  m_RootOrder: 0
  m_LocalEulerAnglesHint: {x: 0, y: 0, z: 0}
--- !u!4 &4936905842324500
Transform:
  m_ObjectHideFlags: 1
  m_PrefabParentObject: {fileID: 0}
  m_PrefabInternal: {fileID: 100100000}
  m_GameObject: {fileID: 1621630886287840}
  m_LocalRotation: {x: 0.4076201, y: -0.5766031, z: 0.5779439, w: 0.40909114}
  m_LocalPosition: {x: -0.06415534, y: -0.00041536056, z: -0.0254265}
  m_LocalScale: {x: 0.99999976, y: 1.0000002, z: 0.99999976}
  m_Children: []
  m_Father: {fileID: 4027764430039150}
  m_RootOrder: 8
  m_LocalEulerAnglesHint: {x: 0, y: 0, z: 0}
--- !u!4 &4947532442239678
Transform:
  m_ObjectHideFlags: 1
  m_PrefabParentObject: {fileID: 0}
  m_PrefabInternal: {fileID: 100100000}
  m_GameObject: {fileID: 1576815413087730}
  m_LocalRotation: {x: 0.83357227, y: -0.5108959, z: -0.15425862, w: -0.14264254}
  m_LocalPosition: {x: -0.13644254, y: 0.01917015, z: -0.048895583}
  m_LocalScale: {x: 0.99999964, y: 0.99999976, z: 0.99999976}
  m_Children:
  - {fileID: 4589084563074464}
  m_Father: {fileID: 4226498535870868}
  m_RootOrder: 0
  m_LocalEulerAnglesHint: {x: 0, y: 0, z: 0}
--- !u!4 &4952574974530444
Transform:
  m_ObjectHideFlags: 1
  m_PrefabParentObject: {fileID: 0}
  m_PrefabInternal: {fileID: 100100000}
  m_GameObject: {fileID: 1328393584021934}
  m_LocalRotation: {x: -0.016547766, y: -0.060224455, z: -0.004581147, w: 0.99803716}
  m_LocalPosition: {x: -0.033729076, y: 0, z: 0.00000017881393}
  m_LocalScale: {x: 1, y: 0.9999998, z: 0.99999976}
  m_Children:
  - {fileID: 4559937765262696}
  m_Father: {fileID: 4851910245253320}
  m_RootOrder: 0
  m_LocalEulerAnglesHint: {x: 0, y: 0, z: 0}
--- !u!4 &4957622826857450
Transform:
  m_ObjectHideFlags: 1
  m_PrefabParentObject: {fileID: 0}
  m_PrefabInternal: {fileID: 100100000}
  m_GameObject: {fileID: 1296290696117092}
  m_LocalRotation: {x: 0.00000033215255, y: -0.00000010464615, z: 0.48671404, w: 0.8735614}
  m_LocalPosition: {x: -0.3565308, y: 0.000000035390258, z: 0.000000029802322}
  m_LocalScale: {x: 0.9999998, y: 1, z: 1}
  m_Children:
  - {fileID: 4860815135509322}
  m_Father: {fileID: 4500988773710120}
  m_RootOrder: 0
  m_LocalEulerAnglesHint: {x: 0, y: 0, z: 0}
--- !u!4 &4961736905495338
Transform:
  m_ObjectHideFlags: 1
  m_PrefabParentObject: {fileID: 0}
  m_PrefabInternal: {fileID: 100100000}
  m_GameObject: {fileID: 1698818019250898}
  m_LocalRotation: {x: 0.03171004, y: 0.70572895, z: 0.70694995, w: -0.034101263}
  m_LocalPosition: {x: -0.046173275, y: 0.058013245, z: 0.016100526}
  m_LocalScale: {x: 1.0000001, y: 0.99999994, z: 1}
  m_Children:
  - {fileID: 4500988773710120}
  m_Father: {fileID: 4240480889639128}
  m_RootOrder: 0
  m_LocalEulerAnglesHint: {x: 0, y: 0, z: 0}
--- !u!4 &4962608662804018
Transform:
  m_ObjectHideFlags: 1
  m_PrefabParentObject: {fileID: 0}
  m_PrefabInternal: {fileID: 100100000}
  m_GameObject: {fileID: 1705406090983470}
  m_LocalRotation: {x: -0.09639102, y: 0.18531227, z: 0.28436905, w: 0.9356829}
  m_LocalPosition: {x: -0.01302442, y: -0.01868105, z: 0.016094223}
  m_LocalScale: {x: 1.0000001, y: 1, z: 1.0000002}
  m_Children:
  - {fileID: 4733109540793738}
  m_Father: {fileID: 4812552962113958}
  m_RootOrder: 4
  m_LocalEulerAnglesHint: {x: 0, y: 0, z: 0}
--- !u!4 &4978111300790718
Transform:
  m_ObjectHideFlags: 1
  m_PrefabParentObject: {fileID: 0}
  m_PrefabInternal: {fileID: 100100000}
  m_GameObject: {fileID: 1891227567196588}
  m_LocalRotation: {x: -0.0000014423792, y: 0.007284305, z: -0.0000004216381, w: 0.9999735}
  m_LocalPosition: {x: -0.025596768, y: 0.00000023841858, z: -0.00000031292439}
  m_LocalScale: {x: 1.0000001, y: 1.0000002, z: 1.0000001}
  m_Children: []
  m_Father: {fileID: 4773319949200778}
  m_RootOrder: 0
  m_LocalEulerAnglesHint: {x: 0, y: 0, z: 0}
--- !u!4 &4992196996497016
Transform:
  m_ObjectHideFlags: 1
  m_PrefabParentObject: {fileID: 0}
  m_PrefabInternal: {fileID: 100100000}
  m_GameObject: {fileID: 1967655438675386}
  m_LocalRotation: {x: 0.52173275, y: -0.47583634, z: 0.47683153, w: 0.5234562}
  m_LocalPosition: {x: -0.099707365, y: -0.07901977, z: -0.123485446}
  m_LocalScale: {x: 1, y: 0.9999995, z: 0.99999976}
  m_Children: []
  m_Father: {fileID: 4027764430039150}
  m_RootOrder: 1
  m_LocalEulerAnglesHint: {x: 0, y: 0, z: 0}
--- !u!4 &4996512853275200
Transform:
  m_ObjectHideFlags: 1
  m_PrefabParentObject: {fileID: 0}
  m_PrefabInternal: {fileID: 100100000}
  m_GameObject: {fileID: 1253852656976940}
  m_LocalRotation: {x: -0.0007231815, y: -0.03781343, z: -0.00035659826, w: 0.9992845}
  m_LocalPosition: {x: -0.030893594, y: -0.000000037252903, z: 0}
  m_LocalScale: {x: 1, y: 0.9999999, z: 1}
  m_Children: []
  m_Father: {fileID: 4454976984058942}
  m_RootOrder: 0
  m_LocalEulerAnglesHint: {x: 0, y: 0, z: 0}
--- !u!137 &137487177948817194
SkinnedMeshRenderer:
  m_ObjectHideFlags: 1
  m_PrefabParentObject: {fileID: 0}
  m_PrefabInternal: {fileID: 100100000}
  m_GameObject: {fileID: 1854289838349036}
  m_Enabled: 1
  m_CastShadows: 1
  m_ReceiveShadows: 1
  m_DynamicOccludee: 1
  m_MotionVectors: 1
  m_LightProbeUsage: 1
  m_ReflectionProbeUsage: 1
  m_Materials:
  - {fileID: 2100000, guid: 9f05cde8ae3c4334eb55bbd998dfb0ca, type: 2}
  m_StaticBatchInfo:
    firstSubMesh: 0
    subMeshCount: 0
  m_StaticBatchRoot: {fileID: 0}
  m_ProbeAnchor: {fileID: 0}
  m_LightProbeVolumeOverride: {fileID: 0}
  m_ScaleInLightmap: 1
  m_PreserveUVs: 0
  m_IgnoreNormalsForChartDetection: 0
  m_ImportantGI: 0
  m_StitchLightmapSeams: 0
  m_SelectedEditorRenderState: 3
  m_MinimumChartSize: 4
  m_AutoUVMaxDistance: 0.5
  m_AutoUVMaxAngle: 89
  m_LightmapParameters: {fileID: 0}
  m_SortingLayerID: 0
  m_SortingLayer: 0
  m_SortingOrder: 0
  serializedVersion: 2
  m_Quality: 0
  m_UpdateWhenOffscreen: 0
  m_SkinnedMotionVectors: 1
  m_Mesh: {fileID: 4300030, guid: 789930eedf826ae45a21ba60798ff86d, type: 3}
  m_Bones:
  - {fileID: 4179679248200422}
  - {fileID: 4240480889639128}
  - {fileID: 4033069952987308}
  - {fileID: 4162682010838194}
  - {fileID: 4961736905495338}
  - {fileID: 4500988773710120}
  - {fileID: 4957622826857450}
  - {fileID: 4201039232254376}
  m_BlendShapeWeights: []
  m_RootBone: {fileID: 4240480889639128}
  m_AABB:
    m_Center: {x: 0.2775744, y: -0.10421947, z: -0.13629264}
    m_Extent: {x: 0.3944448, y: 0.3799967, z: 0.48214167}
  m_DirtyAABB: 0
